2476 4298
58 385 60 388 ,
116 307 293 387 Videamus
301 306 371 407 jam
390 307 499 382 varios
512 308 586 382 illos
605 309 640 382 &
657 306 786 404 prorsus
798 312 979 384 contrarios
992 312 1071 386 effe·

66 404 206 502 &usqui
222 431 262 478 ex
277 404 348 478 solo
358 424 486 478 mitrato
502 403 564 478 stru
579 403 634 478 seu
646 402 809 502 politione
821 404 985 498 oriuntur,
995 407 1069 484 aliis

67 502 160 575 rebus
175 501 330 575 omnibus
346 499 511 598 aequaliter
528 500 752 596 existentibus,
764 522 878 596 praeter
891 525 927 580 ea
943 527 1014 599 quae
1027 526 1069 582 ex

64 597 252 684 mutatione
268 598 346 671 litus
361 597 558 697 dependent
1045 605 1065 667 .’

112 697 236 766 Omnes
246 693 315 789 jam
325 693 508 790 agnoscunt
521 689 713 791 philosophi
723 687 822 764 solem
833 693 868 765 in
880 713 993 766 centro
1006 691 1069 772 hu-

62 785 115 884 ius
130 785 310 884 systematis
324 787 497 885 quiescere,
517 811 635 862 terram
648 811 767 880 autem,
781 787 983 885 reliquorum
1002 787 1068 884 pla-

63 906 215 959 netarum
232 885 344 977 instar,
366 885 451 960 circa
480 885 585 982 ipsum
609 879 713 980 spatio
733 908 846 957 annuo
873 883 1005 977 deferri,
1023 886 1069 964 ita

62 1001 174 1054 autem
189 983 296 1056 Terra
309 982 395 1054 circa
409 979 517 1056 Solem
535 1000 699 1070 movetur,
717 1001 755 1054 ut
774 979 845 1053 axis
856 981 927 1054 e'us
942 1003 1013 1052 non
1026 979 1070 1052 ad

62 1074 252 1152 orbisaesoae
265 1077 401 1186 planum
414 1075 570 1152 normalis
585 1075 638 1150 sed
650 1077 691 1164 ad
703 1075 808 1174 ipsum
822 1077 877 1149 inc
892 1076 998 1148 inatus
1011 1079 1069 1148 a'n-
1085 1127 1087 1132 ‚
1221 1053 1235 1062 '⁶

63 1163 148 1267 gulo
163 1176 236 1264 6632
256 1174 324 1264 lrbi
341 1173 463 1272 semper
477 1161 652 1272 parallelus
674 1197 810 1244 maneat.
858 1175 905 1246 Et
934 1194 1069 1272 propter

63 1267 158 1342 hunc
183 1267 432 1367 parallelismum
459 1272 494 1342 ἂ
523 1266 785 1360 inclinationem,
808 1265 929 1340 neeesse
948 1267 1006 1361 est,
1030 1269 1068 1339 ut

16 1417 18 1424 ,
62 1364 169 1438 Terra
181 1363 360 1462 aliquando
375 1391 480 1442 unum
495 1363 594 1464 ipsius
609 1363 726 1464 polum
740 1361 811 1438 Soli
823 1364 986 1457 obseurat,
1008 1363 1068 1434 ali-

62 1459 195 1556 quando
223 1460 375 1558 alterum,
398 1463 433 1536 δε
460 1460 600 1560 proinde
615 1463 728 1536 Terras
753 1482 856 1558 partes
882 1483 995 1536 omues
1011 1483 1068 1530 va·

60 1579 128 1628 rios
144 1555 301 1632 subibunt
316 1560 358 1632 ad
380 1557 489 1644 Solem
506 1557 594 1636 satus.
630 1561 678 1631 Ex
702 1555 765 1630 hac
793 1555 870 1628 snus
885 1557 1068 1628 mutatione

60 1651 246 1748 dependent
271 1679 384 1728 omnes
401 1653 463 1730 illae
489 1650 712 1762 tempestatum
733 1649 968 1732 vicissitudines
995 1675 1068 1747 quas

59 1745 196 1844 lingulis
209 1749 305 1828 annis
327 1750 526 1842 obveniunt,
544 1748 722 1842 renuitas,
743 1747 868 1843 hyems,
890 1771 948 1824 ver
963 1747 997 1818 &
1010 1773 1068 1820 atr-

61 1863 214 1932 tutunus3
237 1845 262 1918 st
279 1845 366 1920 enim
377 1847 446 1918 axis
454 1843 568 1920 Terrae
577 1845 618 1918 ad
635 1843 769 1941 planum
786 1845 849 1926 suae
865 1842 976 1920 orbitas
988 1867 1065 1914 nor-

61 1935 154 2010 malis
179 1937 273 2032 effet,
294 1961 375 2012 tunc
401 1939 498 2018 nullas
522 1939 632 2014 forent
653 1963 835 2036 temporum
860 1938 1067 2034 murationes,

60 2034 159 2107 nullas
173 2032 300 2107 dierum
311 2033 345 2112 &
356 2033 505 2106 nonium
519 2033 775 2128 differentius&
788 2034 941 2134 quaelibet
950 2039 1066 2122 Terrae

35 2221 36 2228 ἵ
60 2153 134 2226 pars
149 2129 319 2203 radiorum
346 2129 510 2206 Solarium
538 2129 673 2228 aequales
691 2129 774 2206 vires
802 2130 914 2206 eodem
941 2127 1065 2228 semper

8 2263 9 2266 ¹
56 2226 227 2321 exciperet
240 2227 351 2300 modo.
462 2307 463 2310 Ἴ
520 2291 521 2294 ,
694 2285 699 2300 ,-
739 2291 741 2296 ,
791 2227 792 2232 ’

83 2387 86 2393 .
106 2323 191 2396 Cum
206 2336 315 2398 autem
331 2321 466 2423 lingulae
475 2325 588 2424 Terrae
597 2344 701 2422 parter
714 2321 799 2400 Solis
811 2321 957 2426 respellu
968 2321 1064 2398 litum

56 2415 153 2490 suum
169 2417 331 2494 continuo
348 2441 488 2520 mutent,
510 2421 545 2496 &
562 2419 710 2588 ,egusdern
727 2422 832 2503 radios
856 2446 946 2508 nune
961 2413 1064 2520 magis¹

57 2511 226 2611 obliquos,
238 2521 332 2590 ‘nunc
342 2519 566 2607 minus,.nunc
601 2522 730 2591 reviore
746 2542 837 2590 nunc
853 2516 1064 2596 diuturniore

56 2628 204 2708 tempore
216 2610 393 2711 excipiant,
416 2611 552 2686 diversae
568 2609 602 2685 δι
619 2611 748 2710 prorsus
761 2613 931 2689 contrarias
941 2613 1062 2686 exinde

55 2705 210 2784 oriuntur
230 2707 355 2809 pheses.
405 2715 580 2784 Autumno
597 2708 663 2784 scil.
677 2709 869 2785 exarescent
879 2707 1008 2802 segetes,
1026 2708 1062 2790 &

55 2799 186 2876 frullus¹
198 2805 430 2902 maturescunt,
454 2807 611 2904 paulatim
626 2828 733 2882 tamen
757 2802 895 2880 viridem
911 2805 946 2876 &
961 2817 1061 2876 amoe·

54 2920 131 2968 nam
145 2895 258 3002 faciem
272 2901 444 2996 deponunt
458 2902 610 3004 campi,&
620 2902 779 2978 decidunt
788 2899 957 2976 arboribus
969 2900 1062 2974 lolia.

55 2995 143 3066 Mox
169 3017 342 3090 ingruente
358 2997 476 3090 hyeme
501 2997 621 3092 sugent
645 3000 832 3073 &horrent
847 2999 971 3096 omnia,
999 3003 1059 3076 nix

56 3089 139 3183 tegit
150 3087 217 3164 alta
238 3113 374 3184 montes,
397 3087 488 3185 cujus
507 3114 606 3164 onere
621 3092 774 3192 deptelsae
790 3095 940 3165 laborant
959 3091 1062 3182 filvae,

55 3184 125 3256 imo
138 3183 229 3282 quod
244 3185 363 3264 mirum
377 3184 434 3280 est,
457 3185 532 3284 ipsae
548 3185 645 3260 matis
661 3193 748 3284 aquae
768 3187 942 3260 stabiles&
957 3188 1059 3270 firmae

55 3280 248 3378 redduntur,
272 3285 426 3382 quodque
441 3283 529 3378 ptius
539 3279 604 3356 suit
619 3283 758 3356 navibus
769 3289 898 3358 tantum
912 3281 1062 3382 penetra

54 3377 132 3468 bile,
145 3402 232 3452 nunc
244 3380 404 3454 exercitus
418 3379 451 3474 &
465 3379 565 3454 callra
573 3379 667 3477 gerit.
997 3459 998 3462 ,
1040 3367 1062 3455 .'

102 3477 209 3564 Terra
219 3497 328 3552 autem
340 3475 502 3551 continuo
511 3476 729 3569 revolvente,
743 3473 894 3574 quelibet
907 3473 973 3572 ejus
981 3503 1057 3578 pars

54 3572 138 3645 Solis
154 3569 301 3671 respellu
319 3571 415 3660 situm
438 3596 553 3668 mutat,
565 3573 611 3648 ,ἃ
635 3565 812 3676 quaepti'us
825 3573 949 3671 aversa,
963 3600 1055 3664 nunc

51 3663 163 3762 Solem
176 3669 332 3768 respicere
346 3669 487 3772 incipir3
506 3669 596 3768 quod
607 3667 745 3762 dumlit,
758 3671 934 3767 ,defugiunt
951 3672 1053 3765 nives,

53 3759 193 3838 redeunt
206 3767 353 3878 gramina
367 3769 487 3870 eampis
500 3770 535 3852 ἃ
550 3766 788 3940 Γυῗῑῦοῐῶῑῑὲ
803 3767 895 3865 folla,
918 3768 1053 3934 miens·

486 3893 489 3898 ·
654 3890 676 3940 2
993 3885 1055 3934 urs
