2460 4298
615 219 764 326 [4²]

195 346 1188 458 4ooparticularum,inquardivisumestcuprum,continebit

242 450 437 543 Secundum,
458 447 548 547 quod
565 447 789 546 proponimus,
809 444 1002 546 exemplum
1015 472 1061 524 ex
1074 452 1189 554 sequen

194 549 282 624 tibur
295 545 427 622 ducitur
443 545 620 642 principiis·
827 635 833 646 ·
907 583 914 600 ·
965 635 974 648 ο

220 649 342 722 Omnot
352 640 545 718 recentiores
556 637 766 714 consentiunt
779 635 975 736 phrlosophr
986 639 1109 716 odores
1119 642 1188 716 oriri

192 739 400 842 {profluviis
424 761 466 813 cx
479 760 538 811 cor
584 759 619 809 re
639 734 805 808 odorifero
821 732 1076 834 prodeuntibus
1100 740 1189 812 &un-

191 839 293 934 diquc
308 836 345 912 in
372 833 480 910 medio
493 833 529 907 di
545 830 650 930 periit,
673 855 744 928 quae
759 855 824 930 ope
848 829 995 927 spiritus,
1029 859 1128 932 quem
1140 856 1186 935 pet

191 957 284 1008 nares
311 931 480 1021 trahimur,
501 929 668 1002 inncrvos
676 923 864 1001 olfadiotios
874 927 1022 1022 irruunt,
1054 956 1114 1004 eos
1129 932 1186 1004 irri-

191 1051 276 1128 tant,
298 1051 395 1128 atquc
410 1025 455 1098 fic
470 1020 808 1127 sensoriumofficiunt
824 1048 833 1114 ;
859 1023 949 1096 unde
977 1025 1138 1124 sequitur,
1154 1029 1184 1100 in

190 1119 476 1222 quocunqueloco
507 1120 591 1194 odor
605 1119 750 1216 cujusvis
765 1118 911 1214 corporis
922 1118 1084 1215 sentitur,
1109 1125 1183 1196 ineo

189 1219 255 1297 eise
278 1219 401 1320 aliquas
469 1213 599 1292 nicolas
610 1215 760 1316 corporis
782 1212 942 1288 odoriferi
971 1215 1108 1292 sensum
1129 1217 1181 1292 affi-

188 1317 330 1410 cientes;
352 1335 387 1389 tt
411 1314 552 1414 purima
582 1311 658 1385 sunt
685 1334 745 1383 cor
791 1310 957 1406 modom,
979 1338 1059 1418 quae
1086 1315 1124 1388 ad
1145 1315 1179 1387 di·

188 1411 337 1486 stantiarn
391 1431 512 1504 umque
541 1405 660 1507 pedum
677 1404 735 1480 fac'
754 1431 772 1480 e
788 1404 892 1500 olent,
911 1407 954 1480 dc
981 1409 1114 1484 tensum
1134 1411 1178 1483 hu·

188 1531 321 1596 manum
351 1435 559 1579 ductorium
591 1523 747 1594 movent3
771 1523 870 1576 erunt
882 1502 990 1600 igitur
1005 1530 1070 1603 per
1100 1530 1178 1580 oront

187 1601 269 1676 illud
285 1600 424 1702 spatium
452 1598 598 1698 quaedam
612 1599 760 1694 corporis
782 1597 879 1672 odori
895 1599 1027 1673 didosae
1056 1603 1177 1700 porticu·

186 1697 237 1793 lae,
260 1696 307 1771 ita
329 1693 394 1770 scil.
410 1693 644 1792 urohicunque
672 1695 709 1767 in
721 1719 762 1769 to
777 1692 880 1792 spatio
896 1719 1075 1790 ponantur
1094 1723 1178 1792 noro,

185 1792 234 1868 ibi
260 1792 370 1892 aliqua
385 1788 452 1865 eise
481 1791 630 1890 corporis
653 1788 813 1864 odoriferi
824 1789 963 1866 effluvio
980 1791 1114 1870 ncceffe
1128 1794 1176 1884 [it;

184 1889 295 1966 saltem
319 1888 463 1988 quaedzm
478 1908 577 1962 crunt
602 1886 640 1960 in
667 1908 705 1960 ea
732 1884 814 1960 aeris
836 1891 1037 1985 quantitate,
1061 1917 1129 1990 quae
1147 1890 1176 1964 u·

184 1985 253 2061 mul
285 1983 602 2086 perinspirationem
631 1981 717 2056 intra
739 2007 831 2056 nares
858 1982 1003 2059 ducitur.
1030 2009 1175 2088 ponamut

183 2082 287 2180 igitur
314 2079 376 2158 effe
391 2106 490 2156 unam
514 2100 641 2156 tantum
654 2080 802 2176 corporis
813 2078 910 2153 odori
938 2082 1133 2176 particulam
1147 2084 1175 2154 in

183 2203 378 2279 unaquaque
392 2178 481 2252 istius
496 2175 591 2281 spatii
649 2195 707 2269 rte,
730 2201 800 2275 quae
809 2174 906 2273 digiti
920 2177 1039 2252 cubici
1069 2202 1175 2278 portem

182 2297 330 2372 quartam
342 2272 599 2370 mngnitudmea
621 2290 750 2367 aequtt3
774 2269 921 2368 quamvis
945 2274 1121 2350 verifimile
1144 2273 1175 2348 Iit

181 2370 317 2445 effluvio
331 2389 395 2440 ttm
409 2389 481 2440 rara
491 2366 548 2440 vix
562 2365 690 2440 sensum
704 2391 836 2440 movere
854 2367 954 2464 poise,
969 2369 1128 2446 nolumus
1138 2391 1174 2443 tr·

180 2489 257 2538 meo
271 2464 364 2561 plura
372 2460 526 2538 affumere
540 2489 550 2554 ;
564 2483 614 2535 tot
621 2461 724 2560 igitur
735 2462 775 2536 ad
785 2462 960 2540 minimum
975 2489 1081 2542 crunt
1091 2466 1173 2564 parti·

179 2560 260 2635 culae
271 2560 405 2635 odorem
417 2557 723 2657 producentenquot
737 2558 813 2634 sunt
826 2560 862 2634 in
872 2559 1014 2657 sphoera,
1037 2562 1172 2662 cujusfe-

178 2657 380 2734 midiamttcr
392 2654 438 2731 est
449 2654 530 2754 quin
554 2680 595 2728 ue
607 2655 740 2752 pedum,
753 2654 900 2755 spatiola,
912 2681 1061 2754 quorum
1072 2683 1173 2734 unum

204 2751 468 2851 uodqueaequale
481 2679 1001 2917 est‘difiticubicipartiquartae:
1026 2775 1060 2828 at
1080 2755 1173 2828 initu

177 2779 300 2943 dphaera
316 2847 390 2920 sunt
403 2843 561 2945 ejusmodi
587 2843 710 2946 patiola
723 2871 862 2922 numero
882 2852 1066 2946 3618976,
1082 2873 1131 2926 tot
1145 2873 1171 2922 c·

177 2965 258 3020 runt
271 2942 373 3042 igitur
383 2945 419 3015 in
432 2941 490 3013 illo
508 2941 611 3037 spatio
626 2941 792 3040 particulae
803 2944 936 3033 odorem
951 2948 1170 3046 producentct

225 3043 402 3137 Utcunque
424 3036 525 3136 igitur
539 3035 677 3112 definito
691 3037 903 3114 effluvionrm
926 3065 1085 3137 numero,
1107 3066 1171 3144 pto·

174 3136 361 3236 grediamur
387 3135 428 3209 od
467 3157 581 3208 eornm
611 3133 870 3236 magnitudinem
886 3137 1171 3214 determinandam.

170 3239 258 3312 ¹Corn
272 3252 430 3332 quantum
454 3229 667 3306 effluviorum
700 3237 875 3332 {corpore
898 3238 1024 3331 quovis
1050 3235 1173 3325 decidit,

174 3351 302 3406 tantum
317 3327 437 3414 necessc':
452 3326 514 3400 erit
537 3347 574 3400 ut
597 3350 716 3422 corpus
745 3326 826 3401 illud
857 3329 898 3402 de
937 3332 1093 3430 pondere
1117 3330 1171 3404 suo

174 3427 325 3514 amittat;
348 3427 411 3498 erit
435 3421 566 3524 pondus
588 3419 800 3495 effluviorum
827 3425 992 3520 omnium,
1032 3431 1070 3503 in
1102 3428 1171 3501 dato

173 3520 293 3614 quovis
317 3541 490 3616 tempore,
524 3523 545 3587 d
577 3541 716 3617 corpore
739 3519 906 3593 odorifero
961 3524 1172 3599 rodeuntr'um

172 3613 295 3709 aequal'e
310 3616 449 3711 ponderi
471 3613 567 3709 partis
589 3637 630 3685 co
654 3615 690 3685 in
715 3547 989 3710 temporeamidsae
1003 3649 1025 3712 32
1041 3623 1099 3717 jam
1116 3642 1171 3716 per

171 3709 627 3808 experimentacomprobavir
650 3709 786 3807 Bryleus
799 3713 1051 3788 determinatam
1072 3738 1169 3815 quan·

170 3805 244 3880 dant
270 3801 342 3878 assie
369 3804 487 3876 i'oetidae
513 3803 643 3878 mulsam
666 3829 778 3902 aperto
810 3811 876 3883 aeri
902 3812 1098 3908 expolitam,
1121 3810 1167 3882 scr

168 3935 171 3940 ·
1047 3911 1165 3982 dierum
