<?xml version="1.0" encoding="UTF-8"?>
<!DOCTYPE html PUBLIC "-//W3C//DTD XHTML 1.0 Transitional//EN"
    "http://www.w3.org/TR/xhtml1/DTD/xhtml1-transitional.dtd">
<html xmlns="http://www.w3.org/1999/xhtml" xml:lang="en" lang="en">
 <head>
  <title>
</title>
<meta http-equiv="Content-Type" content="text/html;charset=utf-8" />
  <meta name='ocr-system' content='tesseract 3.04.00' />
  <meta name='ocr-capabilities' content='ocr_page ocr_carea ocr_par ocr_line ocrx_word'/>
</head>
<body>
  <div class='ocr_page' id='page_1' title='image "./introductioadve01keilgoog_0036.png"; bbox 0 0 2468 4298; ppageno 0'>
   <div class='ocr_carea' id='block_1_1' title="bbox 7 174 1094 3968">
    <p class='ocr_par' dir='ltr' id='par_1_1' title="bbox 7 174 1094 3968">
     <span class='ocr_line' id='line_1_1' title="bbox 465 174 1001 304; baseline -0.004 -26"><span class='ocrx_word' id='word_1_1' title='bbox 465 174 614 286; x_wconf 84' lang='lat'>[13]</span> <span class='ocrx_word' id='word_1_2' title='bbox 735 293 738 298; x_wconf 36' lang='grc'>,</span> <span class='ocrx_word' id='word_1_3' title='bbox 795 291 798 300; x_wconf 17' lang='lat' dir='ltr'>y</span> <span class='ocrx_word' id='word_1_4' title='bbox 864 295 868 304; x_wconf 37' lang='grc'>,</span> <span class='ocrx_word' id='word_1_5' title='bbox 998 298 1001 301; x_wconf 4' lang='grc' dir='ltr'><strong>Α</strong></span> 
     </span>
     <span class='ocr_line' id='line_1_2' title="bbox 7 307 1042 413; baseline 0.011 -32"><span class='ocrx_word' id='word_1_6' title='bbox 7 329 29 356; x_wconf 17' lang='grc' dir='ltr'>π·</span> <span class='ocrx_word' id='word_1_7' title='bbox 84 307 287 403; x_wconf 33' lang='lat' dir='ltr'>*acontias</span> <span class='ocrx_word' id='word_1_8' title='bbox 320 307 402 382; x_wconf 89' lang='lat' dir='ltr'>tium</span> <span class='ocrx_word' id='word_1_9' title='bbox 417 311 633 404; x_wconf 79' lang='lat' dir='ltr'>concipimus,</span> <span class='ocrx_word' id='word_1_10' title='bbox 656 329 807 409; x_wconf 86' lang='lat' dir='ltr'>tanquam</span> <span class='ocrx_word' id='word_1_11' title='bbox 825 309 905 386; x_wconf 88' lang='lat' dir='ltr'>illud</span> <span class='ocrx_word' id='word_1_12' title='bbox 920 309 955 386; x_wconf 88' lang='lat' dir='ltr'>in</span> <span class='ocrx_word' id='word_1_13' title='bbox 973 337 1042 413; x_wconf 87' lang='lat' dir='ltr'>qno</span> 
     </span>
     <span class='ocr_line' id='line_1_3' title="bbox 26 403 1042 507; baseline 0.011 -32"><span class='ocrx_word' id='word_1_14' title='bbox 26 419 161 504; x_wconf 74' lang='lat' dir='ltr'>corpus·</span> <span class='ocrx_word' id='word_1_15' title='bbox 170 429 269 480; x_wconf 87' lang='lat' dir='ltr'>omne</span> <span class='ocrx_word' id='word_1_16' title='bbox 293 428 419 499; x_wconf 87' lang='lat' dir='ltr'>ocatur,</span> <span class='ocrx_word' id='word_1_17' title='bbox 434 403 488 478; x_wconf 89' lang='lat' dir='ltr'>seu</span> <span class='ocrx_word' id='word_1_18' title='bbox 506 407 599 479; x_wconf 80' lang='lat' dir='ltr'>litum</span> <span class='ocrx_word' id='word_1_19' title='bbox 614 406 711 480; x_wconf 89' lang='lat' dir='ltr'>habet</span> <span class='ocrx_word' id='word_1_20' title='bbox 727 409 808 502; x_wconf 64' lang='lat' dir='ltr'>ubi,</span> <span class='ocrx_word' id='word_1_21' title='bbox 830 409 920 507; x_wconf 90' lang='lat' dir='ltr'>quod</span> <span class='ocrx_word' id='word_1_22' title='bbox 935 413 1042 486; x_wconf 78' lang='lat' dir='ltr'>omni-</span> 
     </span>
     <span class='ocr_line' id='line_1_4' title="bbox 22 501 1041 602; baseline 0.009 -30"><span class='ocrx_word' id='word_1_23' title='bbox 22 525 85 572; x_wconf 83' lang='lat' dir='ltr'>no</span> <span class='ocrx_word' id='word_1_24' title='bbox 115 501 315 598; x_wconf 80' lang='lat' dir='ltr'>penetrabile</span> <span class='ocrx_word' id='word_1_25' title='bbox 328 501 379 596; x_wconf 86' lang='lat' dir='ltr'>fit,</span> <span class='ocrx_word' id='word_1_26' title='bbox 400 502 513 574; x_wconf 89' lang='lat' dir='ltr'>omnia</span> <span class='ocrx_word' id='word_1_27' title='bbox 528 503 563 573; x_wconf 94' lang='lat' dir='ltr'>in</span> <span class='ocrx_word' id='word_1_28' title='bbox 581 502 612 577; x_wconf 89' lang='lat' dir='ltr'>se</span> <span class='ocrx_word' id='word_1_29' title='bbox 638 503 794 600; x_wconf 85' lang='lat' dir='ltr'>recipiens</span> <span class='ocrx_word' id='word_1_30' title='bbox 816 530 965 602; x_wconf 87' lang='lat' dir='ltr'>corpora,</span> <span class='ocrx_word' id='word_1_31' title='bbox 980 531 1041 581; x_wconf 83' lang='lat' dir='ltr'>nen</span> 
     </span>
     <span class='ocr_line' id='line_1_5' title="bbox 25 595 1040 696; baseline 0.007 -26"><span class='ocrx_word' id='word_1_32' title='bbox 25 597 142 670; x_wconf 78' lang='lat' dir='ltr'>ullius</span> <span class='ocrx_word' id='word_1_33' title='bbox 167 602 215 672; x_wconf 89' lang='lat' dir='ltr'>rei</span> <span class='ocrx_word' id='word_1_34' title='bbox 241 595 620 695; x_wconf 63' lang='lat' dir='ltr'>religiano-ingrelsnm</span> <span class='ocrx_word' id='word_1_35' title='bbox 651 600 741 696; x_wconf 84' lang='lat' dir='ltr'>quod</span> <span class='ocrx_word' id='word_1_36' title='bbox 769 601 976 676; x_wconf 85' lang='lat' dir='ltr'>immobiliter</span> <span class='ocrx_word' id='word_1_37' title='bbox 999 603 1040 676; x_wconf 86' lang='lat' dir='ltr'>fi-</span> 
     </span>
     <span class='ocr_line' id='line_1_6' title="bbox 23 691 1039 794; baseline 0.008 -30"><span class='ocrx_word' id='word_1_38' title='bbox 23 691 498 786; x_wconf 69' lang='lat' dir='ltr'>arnmast,·nulliusadlion1s,</span> <span class='ocrx_word' id='word_1_39' title='bbox 521 693 643 785; x_wconf 84' lang='lat' dir='ltr'>formae,</span> <span class='ocrx_word' id='word_1_40' title='bbox 667 696 721 769; x_wconf 87' lang='lat' dir='ltr'>seu</span> <span class='ocrx_word' id='word_1_41' title='bbox 737 697 900 794; x_wconf 83' lang='lat' dir='ltr'>qualitatis</span> <span class='ocrx_word' id='word_1_42' title='bbox 915 725 953 771; x_wconf 87' lang='lat' dir='ltr'>ca</span> <span class='ocrx_word' id='word_1_43' title='bbox 978 721 1039 790; x_wconf 77' lang='lat' dir='ltr'>ax3</span> 
     </span>
     <span class='ocr_line' id='line_1_7' title="bbox 27 725 1028 892; baseline 0.006 -32"><span class='ocrx_word' id='word_1_44' title='bbox 27 789 133 884; x_wconf 81' lang='lat' dir='ltr'>cujus</span> <span class='ocrx_word' id='word_1_45' title='bbox 159 812 264 886; x_wconf 87' lang='lat' dir='ltr'>partes</span> <span class='ocrx_word' id='word_1_46' title='bbox 295 787 371 863; x_wconf 68' lang='lat' dir='ltr'>ase</span> <span class='ocrx_word' id='word_1_47' title='bbox 399 791 543 864; x_wconf 87' lang='lat' dir='ltr'>invicem</span> <span class='ocrx_word' id='word_1_48' title='bbox 569 791 710 887; x_wconf 86' lang='lat' dir='ltr'>separari</span> <span class='ocrx_word' id='word_1_49' title='bbox 733 795 821 866; x_wconf 90' lang='lat' dir='ltr'>nulla</span> <span class='ocrx_word' id='word_1_50' title='bbox 839 795 873 866; x_wconf 90' lang='lat' dir='ltr'>vi</span> <span class='ocrx_word' id='word_1_51' title='bbox 899 725 1028 892; x_wconf 70' lang='lat' dir='ltr'>poliunt</span> 
     </span>
     <span class='ocr_line' id='line_1_8' title="bbox 32 882 1039 984; baseline 0.008 -29"><span class='ocrx_word' id='word_1_52' title='bbox 32 882 96 959; x_wconf 86' lang='lat' dir='ltr'>sed</span> <span class='ocrx_word' id='word_1_53' title='bbox 107 885 246 981; x_wconf 83' lang='lat' dir='ltr'>ipatium</span> <span class='ocrx_word' id='word_1_54' title='bbox 267 885 370 984; x_wconf 84' lang='lat' dir='ltr'>ipsum</span> <span class='ocrx_word' id='word_1_55' title='bbox 388 885 554 960; x_wconf 83' lang='lat' dir='ltr'>immobile</span> <span class='ocrx_word' id='word_1_56' title='bbox 568 909 712 980; x_wconf 83' lang='lat' dir='ltr'>manens,</span> <span class='ocrx_word' id='word_1_57' title='bbox 734 888 1010 965; x_wconf 83' lang='lat' dir='ltr'>mobiliumsucce</span> <span class='ocrx_word' id='word_1_58' title='bbox 1025 929 1039 945; x_wconf 90' lang='lat'>·</span> 
     </span>
     <span class='ocr_line' id='line_1_9' title="bbox 34 978 1040 1082; baseline 0.008 -32"><span class='ocrx_word' id='word_1_59' title='bbox 34 978 147 1052; x_wconf 85' lang='lat' dir='ltr'>{iones</span> <span class='ocrx_word' id='word_1_60' title='bbox 169 983 313 1078; x_wconf 87' lang='lat' dir='ltr'>excipit,</span> <span class='ocrx_word' id='word_1_61' title='bbox 335 1005 486 1076; x_wconf 86' lang='lat' dir='ltr'>motuum</span> <span class='ocrx_word' id='word_1_62' title='bbox 516 982 722 1056; x_wconf 89' lang='lat' dir='ltr'>velocitatem</span> <span class='ocrx_word' id='word_1_63' title='bbox 751 986 968 1082; x_wconf 80' lang='lat' dir='ltr'>determinat,</span> <span class='ocrx_word' id='word_1_64' title='bbox 1004 986 1040 1058; x_wconf 79' lang='lat' dir='ltr'>dt</span> 
     </span>
     <span class='ocr_line' id='line_1_10' title="bbox 36 1076 1039 1178; baseline 0.008 -32"><span class='ocrx_word' id='word_1_65' title='bbox 36 1093 152 1148; x_wconf 81' lang='lat' dir='ltr'>rerum</span> <span class='ocrx_word' id='word_1_66' title='bbox 178 1076 346 1152; x_wconf 88' lang='lat' dir='ltr'>distantias</span> <span class='ocrx_word' id='word_1_67' title='bbox 365 1080 524 1153; x_wconf 88' lang='lat' dir='ltr'>metitur:</span> <span class='ocrx_word' id='word_1_68' title='bbox 549 1079 616 1152; x_wconf 81' lang='lat' dir='ltr'>hac</span> <span class='ocrx_word' id='word_1_69' title='bbox 635 1078 775 1176; x_wconf 88' lang='lat' dir='ltr'>spatii&amp;</span> <span class='ocrx_word' id='word_1_70' title='bbox 799 1082 948 1178; x_wconf 85' lang='lat' dir='ltr'>corporis</span> <span class='ocrx_word' id='word_1_71' title='bbox 973 1101 1039 1154; x_wconf 87' lang='lat' dir='ltr'>tam</span> 
     </span>
     <span class='ocr_line' id='line_1_11' title="bbox 39 1171 1040 1342; baseline 0.006 -98"><span class='ocrx_word' id='word_1_72' title='bbox 39 1171 172 1245; x_wconf 90' lang='lat' dir='ltr'>dillona</span> <span class='ocrx_word' id='word_1_73' title='bbox 199 1173 233 1246; x_wconf 83' lang='lat' dir='ltr'>dt</span> <span class='ocrx_word' id='word_1_74' title='bbox 258 1177 472 1342; x_wconf 53' lang='lat' dir='ltr'>ressugnantia</span> <span class='ocrx_word' id='word_1_75' title='bbox 486 1173 642 1249; x_wconf 87' lang='lat' dir='ltr'>attributa</span> <span class='ocrx_word' id='word_1_76' title='bbox 659 1175 763 1249; x_wconf 89' lang='lat' dir='ltr'>eidem</span> <span class='ocrx_word' id='word_1_77' title='bbox 792 1177 936 1273; x_wconf 73' lang='lat' dir='ltr'>subjeeto</span> <span class='ocrx_word' id='word_1_78' title='bbox 951 1201 1040 1262; x_wconf 88' lang='lat' dir='ltr'>com·</span> 
     </span>
     <span class='ocr_line' id='line_1_12' title="bbox 42 1269 426 1366; baseline 0.013 -27"><span class='ocrx_word' id='word_1_79' title='bbox 42 1289 156 1364; x_wconf 89' lang='lat' dir='ltr'>petere</span> <span class='ocrx_word' id='word_1_80' title='bbox 167 1269 292 1366; x_wconf 87' lang='lat' dir='ltr'>impoffi</span> <span class='ocrx_word' id='word_1_81' title='bbox 316 1269 358 1344; x_wconf 88' lang='lat' dir='ltr'>ile</span> <span class='ocrx_word' id='word_1_82' title='bbox 372 1271 426 1344; x_wconf 87' lang='lat' dir='ltr'>est.</span> 
     </span>
     <span class='ocr_line' id='line_1_13' title="bbox 29 1361 1039 1464; baseline 0 -24"><span class='ocrx_word' id='word_1_83' title='bbox 29 1437 30 1440; x_wconf 74' lang='grc'>,</span> <span class='ocrx_word' id='word_1_84' title='bbox 92 1361 347 1463; x_wconf 85' lang='lat' dir='ltr'>Respondebunt</span> <span class='ocrx_word' id='word_1_85' title='bbox 371 1365 456 1443; x_wconf 90' lang='lat' dir='ltr'>forte</span> <span class='ocrx_word' id='word_1_86' title='bbox 475 1365 664 1460; x_wconf 73' lang='lat' dir='ltr'>candiani,</span> <span class='ocrx_word' id='word_1_87' title='bbox 685 1367 788 1442; x_wconf 81' lang='lat' dir='ltr'>ideam</span> <span class='ocrx_word' id='word_1_88' title='bbox 799 1365 889 1441; x_wconf 90' lang='lat' dir='ltr'>lllam</span> <span class='ocrx_word' id='word_1_89' title='bbox 909 1367 1039 1464; x_wconf 85' lang='lat' dir='ltr'>qualern</span> 
     </span>
     <span class='ocr_line' id='line_1_14' title="bbox 40 1459 1041 1562; baseline 0.005 -31"><span class='ocrx_word' id='word_1_90' title='bbox 40 1481 103 1532; x_wconf 85' lang='lat' dir='ltr'>nos</span> <span class='ocrx_word' id='word_1_91' title='bbox 122 1459 270 1536; x_wconf 80' lang='lat' dir='ltr'>dedimus</span> <span class='ocrx_word' id='word_1_92' title='bbox 294 1460 387 1559; x_wconf 86' lang='lat' dir='ltr'>spatii</span> <span class='ocrx_word' id='word_1_93' title='bbox 406 1468 427 1537; x_wconf 71' lang='lat' dir='ltr'>i</span> <span class='ocrx_word' id='word_1_94' title='bbox 448 1487 587 1561; x_wconf 88' lang='lat' dir='ltr'>corpore</span> <span class='ocrx_word' id='word_1_95' title='bbox 618 1463 785 1557; x_wconf 77' lang='lat' dir='ltr'>distindli,</span> <span class='ocrx_word' id='word_1_96' title='bbox 816 1460 1041 1562; x_wconf 82' lang='lat' dir='ltr'>imaginariam</span> 
     </span>
     <span class='ocr_line' id='line_1_15' title="bbox 42 1555 1040 1658; baseline 0.008 -32"><span class='ocrx_word' id='word_1_97' title='bbox 42 1555 174 1652; x_wconf 89' lang='lat' dir='ltr'>prorsus</span> <span class='ocrx_word' id='word_1_98' title='bbox 190 1557 252 1632; x_wconf 82' lang='lat' dir='ltr'>elle</span> <span class='ocrx_word' id='word_1_99' title='bbox 266 1557 538 1654; x_wconf 48' lang='lat' dir='ltr'>dt&#39;chinrericam,</span> <span class='ocrx_word' id='word_1_100' title='bbox 559 1558 614 1632; x_wconf 87' lang='lat' dir='ltr'>eui</span> <span class='ocrx_word' id='word_1_101' title='bbox 627 1560 693 1633; x_wconf 90' lang='lat' dir='ltr'>scil.</span> <span class='ocrx_word' id='word_1_102' title='bbox 719 1559 844 1658; x_wconf 87' lang='lat' dir='ltr'>aliquid</span> <span class='ocrx_word' id='word_1_103' title='bbox 867 1559 981 1652; x_wconf 88' lang='lat' dir='ltr'>limile,</span> <span class='ocrx_word' id='word_1_104' title='bbox 1003 1558 1040 1634; x_wconf 86' lang='lat' dir='ltr'>in</span> 
     </span>
     <span class='ocr_line' id='line_1_16' title="bbox 41 1653 1040 1754; baseline 0.003 -30"><span class='ocrx_word' id='word_1_105' title='bbox 41 1671 150 1725; x_wconf 83' lang='lat' dir='ltr'>terum</span> <span class='ocrx_word' id='word_1_106' title='bbox 178 1667 306 1748; x_wconf 88' lang='lat' dir='ltr'>natura,</span> <span class='ocrx_word' id='word_1_107' title='bbox 328 1657 418 1730; x_wconf 90' lang='lat' dir='ltr'>nulla</span> <span class='ocrx_word' id='word_1_108' title='bbox 437 1655 585 1754; x_wconf 87' lang='lat' dir='ltr'>potentia</span> <span class='ocrx_word' id='word_1_109' title='bbox 606 1653 740 1730; x_wconf 84' lang='lat' dir='ltr'>existere</span> <span class='ocrx_word' id='word_1_110' title='bbox 750 1655 867 1753; x_wconf 84' lang='lat' dir='ltr'>potest.</span> <span class='ocrx_word' id='word_1_111' title='bbox 915 1659 1040 1734; x_wconf 88' lang='lat' dir='ltr'>Verum</span> 
     </span>
     <span class='ocr_line' id='line_1_17' title="bbox 40 1749 1094 1850; baseline 0.005 -30"><span class='ocrx_word' id='word_1_112' title='bbox 40 1771 158 1821; x_wconf 87' lang='lat' dir='ltr'>contra</span> <span class='ocrx_word' id='word_1_113' title='bbox 172 1751 373 1831; x_wconf 68' lang='lat' dir='ltr'>cameriatus</span> <span class='ocrx_word' id='word_1_114' title='bbox 388 1754 423 1826; x_wconf 91' lang='lat' dir='ltr'>in</span> <span class='ocrx_word' id='word_1_115' title='bbox 442 1773 594 1850; x_wconf 85' lang='lat' dir='ltr'>promptu</span> <span class='ocrx_word' id='word_1_116' title='bbox 609 1749 657 1824; x_wconf 87' lang='lat' dir='ltr'>ell</span> <span class='ocrx_word' id='word_1_117' title='bbox 673 1751 902 1846; x_wconf 84' lang='lat' dir='ltr'>demonstrare,</span> <span class='ocrx_word' id='word_1_118' title='bbox 925 1776 1040 1826; x_wconf 82' lang='lat' dir='ltr'>revera</span> <span class='ocrx_word' id='word_1_119' title='bbox 1093 1785 1094 1790; x_wconf 42' lang='lat'>¹</span> 
     </span>
     <span class='ocr_line' id='line_1_18' title="bbox 39 1845 1040 1944; baseline 0.001 -28"><span class='ocrx_word' id='word_1_120' title='bbox 39 1845 113 1917; x_wconf 86' lang='lat' dir='ltr'>dari</span> <span class='ocrx_word' id='word_1_121' title='bbox 128 1846 265 1944; x_wconf 88' lang='lat' dir='ltr'>spatium</span> <span class='ocrx_word' id='word_1_122' title='bbox 286 1851 458 1944; x_wconf 64' lang='lat' dir='ltr'>deotpore</span> <span class='ocrx_word' id='word_1_123' title='bbox 469 1847 668 1944; x_wconf 73' lang='lat' dir='ltr'>distindum,</span> <span class='ocrx_word' id='word_1_124' title='bbox 693 1847 745 1920; x_wconf 86' lang='lat' dir='ltr'>vel</span> <span class='ocrx_word' id='word_1_125' title='bbox 756 1846 945 1944; x_wconf 87' lang='lat' dir='ltr'>spatium&amp;</span> <span class='ocrx_word' id='word_1_126' title='bbox 966 1870 1040 1920; x_wconf 91' lang='lat' dir='ltr'>cor·</span> 
     </span>
     <span class='ocr_line' id='line_1_19' title="bbox 39 1939 1040 2038; baseline 0.004 -26"><span class='ocrx_word' id='word_1_127' title='bbox 39 1965 103 2037; x_wconf 90' lang='lat' dir='ltr'>pus</span> <span class='ocrx_word' id='word_1_128' title='bbox 119 1965 189 2016; x_wconf 89' lang='lat' dir='ltr'>non</span> <span class='ocrx_word' id='word_1_129' title='bbox 203 1941 265 2015; x_wconf 79' lang='lat' dir='ltr'>elle</span> <span class='ocrx_word' id='word_1_130' title='bbox 280 1943 410 2038; x_wconf 83' lang='lat' dir='ltr'>ptorstu</span> <span class='ocrx_word' id='word_1_131' title='bbox 425 1944 528 2016; x_wconf 87' lang='lat' dir='ltr'>idem:</span> <span class='ocrx_word' id='word_1_132' title='bbox 553 1941 607 2015; x_wconf 88' lang='lat' dir='ltr'>sed</span> <span class='ocrx_word' id='word_1_133' title='bbox 621 1943 726 2036; x_wconf 88' lang='lat' dir='ltr'>primo</span> <span class='ocrx_word' id='word_1_134' title='bbox 747 1942 978 2016; x_wconf 87' lang='lat' dir='ltr'>advertendum</span> <span class='ocrx_word' id='word_1_135' title='bbox 991 1939 1040 2016; x_wconf 89' lang='lat' dir='ltr'>est</span> 
     </span>
     <span class='ocr_line' id='line_1_20' title="bbox 41 2037 1039 2134; baseline 0.002 -26"><span class='ocrx_word' id='word_1_136' title='bbox 41 2061 116 2132; x_wconf 83' lang='lat' dir='ltr'>not,</span> <span class='ocrx_word' id='word_1_137' title='bbox 138 2037 257 2110; x_wconf 85' lang='lat' dir='ltr'>realem</span> <span class='ocrx_word' id='word_1_138' title='bbox 278 2037 372 2134; x_wconf 84' lang='lat' dir='ltr'>spatii</span> <span class='ocrx_word' id='word_1_139' title='bbox 395 2037 540 2133; x_wconf 83' lang='lat' dir='ltr'>corporis</span> <span class='ocrx_word' id='word_1_140' title='bbox 562 2039 656 2108; x_wconf 86' lang='lat' dir='ltr'>vacui</span> <span class='ocrx_word' id='word_1_141' title='bbox 680 2037 890 2128; x_wconf 78' lang='lat' dir='ltr'>existentiam,</span> <span class='ocrx_word' id='word_1_142' title='bbox 914 2040 950 2108; x_wconf 92' lang='lat' dir='ltr'>in</span> <span class='ocrx_word' id='word_1_143' title='bbox 973 2039 1039 2110; x_wconf 93' lang='lat' dir='ltr'>hoc</span> 
     </span>
     <span class='ocr_line' id='line_1_21' title="bbox 42 2129 1040 2226; baseline -0.002 -20"><span class='ocrx_word' id='word_1_144' title='bbox 42 2131 205 2207; x_wconf 86' lang='lat' dir='ltr'>loconon</span> <span class='ocrx_word' id='word_1_145' title='bbox 230 2130 295 2206; x_wconf 83' lang='lat' dir='ltr'>effe</span> <span class='ocrx_word' id='word_1_146' title='bbox 318 2133 494 2224; x_wconf 75' lang='lat' dir='ltr'>evidlnros⁷</span> <span class='ocrx_word' id='word_1_147' title='bbox 518 2132 598 2206; x_wconf 91' lang='lat' dir='ltr'>illud</span> <span class='ocrx_word' id='word_1_148' title='bbox 614 2131 651 2204; x_wconf 92' lang='lat' dir='ltr'>in</span> <span class='ocrx_word' id='word_1_149' title='bbox 662 2129 727 2206; x_wconf 82' lang='lat' dir='ltr'>alia</span> <span class='ocrx_word' id='word_1_150' title='bbox 739 2130 880 2204; x_wconf 73' lang='lat' dir='ltr'>ledlione</span> <span class='ocrx_word' id='word_1_151' title='bbox 893 2132 1040 2226; x_wconf 81' lang='lat' dir='ltr'>praestan·</span> 
     </span>
     <span class='ocr_line' id='line_1_22' title="bbox 41 2225 1038 2330; baseline 0 -28"><span class='ocrx_word' id='word_1_152' title='bbox 41 2229 123 2303; x_wconf 89' lang='lat' dir='ltr'>dum</span> <span class='ocrx_word' id='word_1_153' title='bbox 145 2230 219 2323; x_wconf 87' lang='lat' dir='ltr'>erit,</span> <span class='ocrx_word' id='word_1_154' title='bbox 243 2229 387 2304; x_wconf 32' lang='lat' dir='ltr'>sufficiet*</span> <span class='ocrx_word' id='word_1_155' title='bbox 401 2231 438 2303; x_wconf 91' lang='lat' dir='ltr'>in</span> <span class='ocrx_word' id='word_1_156' title='bbox 461 2228 646 2330; x_wconf 84' lang='lat' dir='ltr'>praesentia,</span> <span class='ocrx_word' id='word_1_157' title='bbox 683 2228 770 2303; x_wconf 85' lang='lat' dir='ltr'>illius</span> <span class='ocrx_word' id='word_1_158' title='bbox 799 2225 1038 2326; x_wconf 82' lang='lat' dir='ltr'>pollibilitateru</span> 
     </span>
     <span class='ocr_line' id='line_1_23' title="bbox 42 2325 880 2420; baseline 0.004 -23"><span class='ocrx_word' id='word_1_159' title='bbox 42 2325 195 2400; x_wconf 87' lang='lat' dir='ltr'>astruere.</span> <span class='ocrx_word' id='word_1_160' title='bbox 356 2416 358 2420; x_wconf 23' lang='grc' dir='ltr'>Ι</span> <span class='ocrx_word' id='word_1_161' title='bbox 633 2367 635 2374; x_wconf 40' lang='lat' dir='ltr'>v</span> <span class='ocrx_word' id='word_1_162' title='bbox 753 2367 755 2370; x_wconf 95' lang='lat'>·</span> <span class='ocrx_word' id='word_1_163' title='bbox 836 2335 838 2340; x_wconf 83' lang='lat'>&#39;</span> <span class='ocrx_word' id='word_1_164' title='bbox 879 2343 880 2346; x_wconf 76' lang='grc'>’</span> 
     </span>
     <span class='ocr_line' id='line_1_24' title="bbox 41 2419 1040 2524; baseline -0.001 -29"><span class='ocrx_word' id='word_1_165' title='bbox 41 2445 45 2452; x_wconf 95' lang='grc'>·</span> <span class='ocrx_word' id='word_1_166' title='bbox 79 2425 241 2497; x_wconf 84' lang='lat' dir='ltr'>Ponamut</span> <span class='ocrx_word' id='word_1_167' title='bbox 253 2447 330 2522; x_wconf 86' lang='lat' dir='ltr'>ergo</span> <span class='ocrx_word' id='word_1_168' title='bbox 341 2450 397 2499; x_wconf 84' lang='lat' dir='ltr'>vas</span> <span class='ocrx_word' id='word_1_169' title='bbox 410 2422 643 2524; x_wconf 87' lang='lat' dir='ltr'>quodcunque,</span> <span class='ocrx_word' id='word_1_170' title='bbox 658 2424 692 2498; x_wconf 90' lang='lat'>&amp;</span> <span class='ocrx_word' id='word_1_171' title='bbox 707 2446 780 2497; x_wconf 89' lang='lat' dir='ltr'>aere</span> <span class='ocrx_word' id='word_1_172' title='bbox 803 2423 911 2520; x_wconf 92' lang='lat' dir='ltr'>primo</span> <span class='ocrx_word' id='word_1_173' title='bbox 937 2419 1040 2521; x_wconf 85' lang='lat' dir='ltr'>reple·</span> 
     </span>
     <span class='ocr_line' id='line_1_25' title="bbox 43 2516 1039 2612; baseline -0.001 -20"><span class='ocrx_word' id='word_1_174' title='bbox 43 2531 130 2610; x_wconf 85' lang='lat' dir='ltr'>atur,</span> <span class='ocrx_word' id='word_1_175' title='bbox 152 2519 271 2593; x_wconf 89' lang='lat' dir='ltr'>deinde</span> <span class='ocrx_word' id='word_1_176' title='bbox 299 2521 517 2608; x_wconf 77' lang='lat' dir='ltr'>exhauriatur-</span> <span class='ocrx_word' id='word_1_177' title='bbox 536 2521 622 2592; x_wconf 86' lang='lat' dir='ltr'>intra</span> <span class='ocrx_word' id='word_1_178' title='bbox 636 2531 689 2594; x_wconf 84' lang='lat' dir='ltr'>vat</span> <span class='ocrx_word' id='word_1_179' title='bbox 705 2541 879 2593; x_wconf 85' lang='lat' dir='ltr'>contentus</span> <span class='ocrx_word' id='word_1_180' title='bbox 894 2542 957 2612; x_wconf 85' lang='lat' dir='ltr'>aer,</span> <span class='ocrx_word' id='word_1_181' title='bbox 982 2516 1039 2592; x_wconf 86' lang='lat' dir='ltr'>vel</span> 
     </span>
     <span class='ocr_line' id='line_1_26' title="bbox 43 2613 1038 2712; baseline -0.001 -26"><span class='ocrx_word' id='word_1_182' title='bbox 43 2639 106 2712; x_wconf 86' lang='lat' dir='ltr'>per</span> <span class='ocrx_word' id='word_1_183' title='bbox 117 2614 262 2690; x_wconf 87' lang='lat' dir='ltr'>divinam</span> <span class='ocrx_word' id='word_1_184' title='bbox 287 2617 466 2712; x_wconf 87' lang='lat' dir='ltr'>potentiam</span> <span class='ocrx_word' id='word_1_185' title='bbox 483 2615 696 2708; x_wconf 86' lang='lat' dir='ltr'>annihiletur,</span> <span class='ocrx_word' id='word_1_186' title='bbox 711 2618 745 2688; x_wconf 76' lang='grc' dir='ltr'>δι</span> <span class='ocrx_word' id='word_1_187' title='bbox 757 2640 853 2688; x_wconf 87' lang='lat' dir='ltr'>omne</span> <span class='ocrx_word' id='word_1_188' title='bbox 863 2613 954 2688; x_wconf 90' lang='lat' dir='ltr'>aliud</span> <span class='ocrx_word' id='word_1_189' title='bbox 966 2638 1038 2686; x_wconf 90' lang='lat' dir='ltr'>cor-</span> 
     </span>
     <span class='ocr_line' id='line_1_27' title="bbox 42 2707 1038 2819; baseline -0.002 -33"><span class='ocrx_word' id='word_1_190' title='bbox 42 2735 105 2819; x_wconf 88' lang='lat' dir='ltr'>pus</span> <span class='ocrx_word' id='word_1_191' title='bbox 117 2711 150 2786; x_wconf 88' lang='lat' dir='ltr'>in</span> <span class='ocrx_word' id='word_1_192' title='bbox 180 2714 266 2786; x_wconf 80' lang='lat' dir='ltr'>illius</span> <span class='ocrx_word' id='word_1_193' title='bbox 280 2713 388 2788; x_wconf 89' lang='lat' dir='ltr'>locum</span> <span class='ocrx_word' id='word_1_194' title='bbox 403 2711 762 2810; x_wconf 82' lang='lat' dir='ltr'>ingrediprolribeatur.</span> <span class='ocrx_word' id='word_1_195' title='bbox 785 2734 897 2808; x_wconf 78' lang='lat' dir='ltr'>quaro</span> <span class='ocrx_word' id='word_1_196' title='bbox 916 2709 983 2806; x_wconf 87' lang='lat' dir='ltr'>jam</span> <span class='ocrx_word' id='word_1_197' title='bbox 994 2707 1038 2784; x_wconf 77' lang='lat' dir='ltr'>an</span> 
     </span>
     <span class='ocr_line' id='line_1_28' title="bbox 26 2803 1038 2906; baseline -0.006 -23"><span class='ocrx_word' id='word_1_198' title='bbox 26 2813 79 2883; x_wconf 61' lang='lat' dir='ltr'>‘rn</span> <span class='ocrx_word' id='word_1_199' title='bbox 92 2809 271 2883; x_wconf 80' lang='lat' dir='ltr'>taliternm</span> <span class='ocrx_word' id='word_1_200' title='bbox 285 2811 489 2905; x_wconf 84' lang='lat' dir='ltr'>conditione,</span> <span class='ocrx_word' id='word_1_201' title='bbox 511 2809 647 2906; x_wconf 83' lang='lat' dir='ltr'>spatium</span> <span class='ocrx_word' id='word_1_202' title='bbox 674 2803 821 2883; x_wconf 86' lang='lat' dir='ltr'>futurum</span> <span class='ocrx_word' id='word_1_203' title='bbox 846 2805 886 2878; x_wconf 83' lang='lat' dir='ltr'>fit</span> <span class='ocrx_word' id='word_1_204' title='bbox 915 2811 935 2878; x_wconf 72' lang='lat' dir='ltr'>a</span> <span class='ocrx_word' id='word_1_205' title='bbox 966 2829 1038 2882; x_wconf 87' lang='lat' dir='ltr'>cor·</span> 
     </span>
     <span class='ocr_line' id='line_1_29' title="bbox 67 2901 1036 3006; baseline -0.002 -28"><span class='ocrx_word' id='word_1_206' title='bbox 67 2905 175 2979; x_wconf 88' lang='lat' dir='ltr'>oribus</span> <span class='ocrx_word' id='word_1_207' title='bbox 190 2905 357 2979; x_wconf 88' lang='lat' dir='ltr'>vacuum?</span> <span class='ocrx_word' id='word_1_208' title='bbox 379 2929 496 3004; x_wconf 86' lang='lat' dir='ltr'>corpus</span> <span class='ocrx_word' id='word_1_209' title='bbox 511 2930 611 2980; x_wconf 87' lang='lat' dir='ltr'>omne</span> <span class='ocrx_word' id='word_1_210' title='bbox 619 2907 709 3006; x_wconf 91' lang='lat' dir='ltr'>quod</span> <span class='ocrx_word' id='word_1_211' title='bbox 734 2906 771 2978; x_wconf 90' lang='lat' dir='ltr'>in</span> <span class='ocrx_word' id='word_1_212' title='bbox 786 2901 861 2977; x_wconf 86' lang='lat' dir='ltr'>vale</span> <span class='ocrx_word' id='word_1_213' title='bbox 888 2903 1036 2978; x_wconf 85' lang='lat' dir='ltr'>contine·</span> 
     </span>
     <span class='ocr_line' id='line_1_30' title="bbox 41 2931 1037 3098; baseline -0.005 -23"><span class='ocrx_word' id='word_1_214' title='bbox 41 2931 151 3094; x_wconf 70' lang='lat' dir='ltr'>iarun,</span> <span class='ocrx_word' id='word_1_215' title='bbox 171 3001 369 3074; x_wconf 71' lang='lat' dir='ltr'>neritonum</span> <span class='ocrx_word' id='word_1_216' title='bbox 386 3002 443 3092; x_wconf 86' lang='lat' dir='ltr'>est,</span> <span class='ocrx_word' id='word_1_217' title='bbox 465 3002 716 3076; x_wconf 30' lang='lat' dir='ltr'>omnisialteriut</span> <span class='ocrx_word' id='word_1_218' title='bbox 746 2998 893 3098; x_wconf 81' lang='lat' dir='ltr'>eorporis</span> <span class='ocrx_word' id='word_1_219' title='bbox 915 2997 1037 3096; x_wconf 85' lang='lat' dir='ltr'>ingres·</span> 
     </span>
     <span class='ocr_line' id='line_1_31' title="bbox 41 3093 1038 3204; baseline -0.005 -34"><span class='ocrx_word' id='word_1_220' title='bbox 41 3099 96 3189; x_wconf 64' lang='lat' dir='ltr'>su}</span> <span class='ocrx_word' id='word_1_221' title='bbox 128 3096 330 3194; x_wconf 88' lang='lat' dir='ltr'>prohibetur,</span> <span class='ocrx_word' id='word_1_222' title='bbox 345 3095 388 3174; x_wconf 76' lang='grc' dir='ltr'>,ἃ</span> <span class='ocrx_word' id='word_1_223' title='bbox 418 3118 473 3176; x_wconf 84' lang='lat' dir='ltr'>vas</span> <span class='ocrx_word' id='word_1_224' title='bbox 489 3096 577 3174; x_wconf 87' lang='lat' dir='ltr'>suam</span> <span class='ocrx_word' id='word_1_225' title='bbox 592 3095 729 3204; x_wconf 82' lang='lat' dir='ltr'>liguram</span> <span class='ocrx_word' id='word_1_226' title='bbox 750 3095 942 3171; x_wconf 86' lang='lat' dir='ltr'>conservare</span> <span class='ocrx_word' id='word_1_227' title='bbox 964 3093 1038 3188; x_wconf 88' lang='lat' dir='ltr'>sup·</span> 
     </span>
     <span class='ocr_line' id='line_1_32' title="bbox 40 3187 1038 3292; baseline -0.004 -26"><span class='ocrx_word' id='word_1_228' title='bbox 40 3191 189 3292; x_wconf 85' lang='lat' dir='ltr'>ponitur,</span> <span class='ocrx_word' id='word_1_229' title='bbox 212 3211 297 3263; x_wconf 88' lang='lat' dir='ltr'>certe</span> <span class='ocrx_word' id='word_1_230' title='bbox 312 3188 518 3264; x_wconf 86' lang='lat' dir='ltr'>neeellarium</span> <span class='ocrx_word' id='word_1_231' title='bbox 533 3189 739 3285; x_wconf 70' lang='lat' dir='ltr'>elleurdetnr,</span> <span class='ocrx_word' id='word_1_232' title='bbox 763 3211 950 3266; x_wconf 86' lang='lat' dir='ltr'>utracuum</span> <span class='ocrx_word' id='word_1_233' title='bbox 980 3187 1038 3268; x_wconf 88' lang='lat' dir='ltr'>seu</span> 
     </span>
     <span class='ocr_line' id='line_1_33' title="bbox 41 3282 1038 3386; baseline -0.005 -23"><span class='ocrx_word' id='word_1_234' title='bbox 41 3287 182 3386; x_wconf 89' lang='lat' dir='ltr'>spatium</span> <span class='ocrx_word' id='word_1_235' title='bbox 196 3309 333 3382; x_wconf 86' lang='lat' dir='ltr'>corpore</span> <span class='ocrx_word' id='word_1_236' title='bbox 348 3311 419 3360; x_wconf 87' lang='lat' dir='ltr'>non</span> <span class='ocrx_word' id='word_1_237' title='bbox 434 3286 593 3385; x_wconf 83' lang='lat' dir='ltr'>repletum</span> <span class='ocrx_word' id='word_1_238' title='bbox 608 3285 706 3360; x_wconf 86' lang='lat' dir='ltr'>detur</span> <span class='ocrx_word' id='word_1_239' title='bbox 723 3311 731 3360; x_wconf 74' lang='grc' dir='ltr'><strong>ι</strong></span> <span class='ocrx_word' id='word_1_240' title='bbox 752 3282 948 3380; x_wconf 74' lang='lat' dir='ltr'>respondent</span> <span class='ocrx_word' id='word_1_241' title='bbox 959 3283 1038 3372; x_wconf 82' lang='lat' dir='ltr'>Cat·</span> 
     </span>
     <span class='ocr_line' id='line_1_34' title="bbox 42 3380 1037 3480; baseline -0.004 -22"><span class='ocrx_word' id='word_1_242' title='bbox 42 3383 158 3459; x_wconf 84' lang='lat' dir='ltr'>teliani</span> <span class='ocrx_word' id='word_1_243' title='bbox 176 3381 271 3456; x_wconf 27' lang='lat' dir='ltr'>‘hisce</span> <span class='ocrx_word' id='word_1_244' title='bbox 294 3382 328 3456; x_wconf 87' lang='lat' dir='ltr'>su</span> <span class='ocrx_word' id='word_1_245' title='bbox 355 3384 474 3480; x_wconf 81' lang='lat' dir='ltr'>politio,</span> <span class='ocrx_word' id='word_1_246' title='bbox 498 3382 580 3458; x_wconf 81' lang='lat' dir='ltr'>vasis</span> <span class='ocrx_word' id='word_1_247' title='bbox 595 3380 695 3458; x_wconf 85' lang='lat' dir='ltr'>latera</span> <span class='ocrx_word' id='word_1_248' title='bbox 714 3381 909 3475; x_wconf 88' lang='lat' dir='ltr'>corruitura,</span> <span class='ocrx_word' id='word_1_249' title='bbox 938 3381 1037 3458; x_wconf 88' lang='lat' dir='ltr'>&amp;ad</span> 
     </span>
     <span class='ocr_line' id='line_1_35' title="bbox 42 3409 1038 3578; baseline -0.002 -23"><span class='ocrx_word' id='word_1_250' title='bbox 42 3409 413 3555; x_wconf 76' lang='lat' dir='ltr'>seinvicemneceliario</span> <span class='ocrx_word' id='word_1_251' title='bbox 422 3480 589 3556; x_wconf 64' lang='lat' dir='ltr'>aarum.</span> <span class='ocrx_word' id='word_1_252' title='bbox 614 3482 747 3556; x_wconf 84' lang='lat' dir='ltr'>Arcum</span> <span class='ocrx_word' id='word_1_253' title='bbox 763 3475 937 3552; x_wconf 82' lang='lat' dir='ltr'>seeundum</span> <span class='ocrx_word' id='word_1_254' title='bbox 950 3478 1038 3578; x_wconf 84' lang='lat' dir='ltr'>ipsos</span> 
     </span>
     <span class='ocr_line' id='line_1_36' title="bbox 41 3574 1039 3676; baseline -0.005 -24"><span class='ocrx_word' id='word_1_255' title='bbox 41 3577 245 3652; x_wconf 84' lang='lat' dir='ltr'>Cartefianos</span> <span class='ocrx_word' id='word_1_256' title='bbox 272 3575 401 3650; x_wconf 90' lang='lat' dir='ltr'>nullum</span> <span class='ocrx_word' id='word_1_257' title='bbox 429 3601 548 3675; x_wconf 82' lang='lat' dir='ltr'>corpus</span> <span class='ocrx_word' id='word_1_258' title='bbox 568 3579 673 3676; x_wconf 87' lang='lat' dir='ltr'>potell</span> <span class='ocrx_word' id='word_1_259' title='bbox 698 3577 731 3652; x_wconf 91' lang='lat' dir='ltr'>se</span> <span class='ocrx_word' id='word_1_260' title='bbox 760 3575 771 3650; x_wconf 93' lang='lat' dir='ltr'>i</span> <span class='ocrx_word' id='word_1_261' title='bbox 796 3574 865 3648; x_wconf 89' lang='lat' dir='ltr'>sum</span> <span class='ocrx_word' id='word_1_262' title='bbox 894 3599 1039 3666; x_wconf 85' lang='lat' dir='ltr'>mouere,</span> 
     </span>
     <span class='ocr_line' id='line_1_37' title="bbox 42 3601 1043 3772; baseline -0.003 -25"><span class='ocrx_word' id='word_1_263' title='bbox 42 3698 184 3772; x_wconf 85' lang='lat' dir='ltr'>cumque</span> <span class='ocrx_word' id='word_1_264' title='bbox 207 3697 255 3749; x_wconf 21' lang='lat' dir='ltr'>ex,</span> <span class='ocrx_word' id='word_1_265' title='bbox 276 3675 323 3772; x_wconf 86' lang='lat' dir='ltr'>hy</span> <span class='ocrx_word' id='word_1_266' title='bbox 369 3673 464 3768; x_wconf 78' lang='lat' dir='ltr'>thefi,</span> <span class='ocrx_word' id='word_1_267' title='bbox 487 3675 615 3748; x_wconf 91' lang='lat' dir='ltr'>nullum</span> <span class='ocrx_word' id='word_1_268' title='bbox 629 3675 720 3752; x_wconf 90' lang='lat' dir='ltr'>aliud</span> <span class='ocrx_word' id='word_1_269' title='bbox 747 3601 925 3769; x_wconf 64' lang='lat' dir='ltr'>edcorpus</span> <span class='ocrx_word' id='word_1_270' title='bbox 947 3669 1043 3771; x_wconf 89' lang='lat' dir='ltr'>quod</span> 
     </span>
     <span class='ocr_line' id='line_1_38' title="bbox 42 3699 1038 3948; baseline -0.016 -96"><span class='ocrx_word' id='word_1_271' title='bbox 42 3769 128 3852; x_wconf 82' lang='lat' dir='ltr'>valis</span> <span class='ocrx_word' id='word_1_272' title='bbox 146 3771 246 3854; x_wconf 85' lang='lat' dir='ltr'>latera</span> <span class='ocrx_word' id='word_1_273' title='bbox 256 3773 297 3850; x_wconf 85' lang='lat' dir='ltr'>ad</span> <span class='ocrx_word' id='word_1_274' title='bbox 313 3699 497 3856; x_wconf 66' lang='lat' dir='ltr'>diutino</span> <span class='ocrx_word' id='word_1_275' title='bbox 513 3771 625 3948; x_wconf 58' lang='lat' dir='ltr'>pedht&#39;</span> <span class='ocrx_word' id='word_1_276' title='bbox 648 3773 760 3854; x_wconf 83' lang='lat' dir='ltr'>nullus</span> <span class='ocrx_word' id='word_1_277' title='bbox 774 3769 871 3876; x_wconf 85' lang='lat' dir='ltr'>etiam</span> <span class='ocrx_word' id='word_1_278' title='bbox 888 3769 1038 3866; x_wconf 83' lang='lat' dir='ltr'>sequetur</span> 
     </span>
     <span class='ocr_line' id='line_1_39' title="bbox 592 3882 1089 3968; baseline -0.016 -28"><span class='ocrx_word' id='word_1_279' title='bbox 592 3893 612 3968; x_wconf 73' lang='lat' dir='ltr'>v3</span> <span class='ocrx_word' id='word_1_280' title='bbox 925 3882 1040 3942; x_wconf 84' lang='lat' dir='ltr'>eorum</span> <span class='ocrx_word' id='word_1_281' title='bbox 1087 3941 1089 3946; x_wconf 80' lang='lat'><em>.</em></span> 
     </span>
    </p>
   </div>
   <div class='ocr_carea' id='block_1_2' title="bbox 1219 3983 1226 4172">
    <p class='ocr_par' dir='ltr' id='par_1_2' title="bbox 1215 3983 1226 4172">
     <span class='ocr_line' id='line_1_40' title="bbox 1219 3983 1226 4172; baseline 0 0"><span class='ocrx_word' id='word_1_282' title='bbox 1219 3983 1226 4172; x_wconf 88' lang='lat' dir='ltr'>l</span> 
     </span>
    </p>
   </div>
   <div class='ocr_carea' id='block_1_3' title="bbox 0 0 1238 4298">
    <p class='ocr_par' dir='ltr' id='par_1_3' title="bbox 0 0 1238 4298">
     <span class='ocr_line' id='line_1_41' title="bbox 0 0 1238 4298; baseline 0 0"><span class='ocrx_word' id='word_1_283' title='bbox 0 0 1238 4298; x_wconf 95' lang='lat' dir='ltr'> </span> 
     </span>
    </p>
   </div>
  </div>
 </body>
</html>
