2476 4298
502 181 523 288 [
550 196 601 282 6⁷
628 181 651 286 ]
691 225 693 232 ·

60 314 253 413 neutiquam
267 313 550 414 percipieturpum
561 315 602 388 sc.
616 309 751 388 aedificia
761 313 797 390 dr
807 313 918 391 omnia
932 305 969 392 id
979 325 1066 394 tetra

60 411 186 510 objedla
202 411 342 488 visibilia
357 410 472 486 iisdem
497 410 561 484 sem
605 434 620 482 r
641 433 732 486 terrae
762 411 908 508 partibus
924 413 1065 489 infiden-

62 507 263 598 tra‚eandem
278 506 400 605 semper
409 509 495 580 inter
509 435 603 581 sed·e
602 503 736 581 oculum
747 497 939 604 positionem
956 508 1064 583 serva-

62 602 163 695 bunt3
189 606 241 677 sin
256 602 336 678 astra
352 603 480 702 aliaque
495 607 607 676 omnia
620 626 759 700 corpora
773 625 864 678 terrae
878 631 947 680 non
958 605 1064 679 adhae·

62 721 169 773 tentia
193 698 415 797 aspiciantur,
436 723 473 773 ea
497 698 543 772 ob
567 698 701 772 eandem
724 695 862 793 causam,
881 726 946 806 qua
997 701 1065 775 tius

62 792 189 889 littora,
203 796 329 870 moveri
344 794 561 883 videbuntur;
582 795 648 868 hoc
661 794 718 887 est,
740 795 863 869 {iterra
874 819 958 870 circa
970 728 1065 872 luum

60 911 155 964 axem
169 913 296 966 rotetur
318 893 359 964 ab
374 890 545 968 occidente
560 891 595 963 in
611 890 785 984 orientem,
810 891 909 966 sol&
935 891 1063 990 reliqua

61 984 165 1060 sidera
178 987 219 1060 ab
234 989 360 1063 oriente
376 989 413 1060 in
427 987 629 1061 occidentem
644 988 770 1060 moveri
786 986 1040 1086 conspicientur.

110 1081 173 1155 Sed
188 1105 279 1156 terrae
295 1106 383 1158 motu
401 1081 565 1182 paulisper
582 1079 724 1175 dimisso,
746 1083 792 1155 ad·
801 1083 989 1184 exemplum
1007 1105 1064 1156 na·

66 1175 118 1248 vis
132 1178 316 1270 redeamus;
330 1179 354 1254 fi
369 1180 464 1254 navis
480 1178 656 1254 secuudum
670 1203 898 1277 quamcunque
908 1178 1062 1253 diredlio-

64 1295 143 1344 nem
159 1273 280 1349 seratur
295 1302 372 1374 ug.
397 1274 506 1350 versus
521 1276 692 1367 orientem,
713 1276 748 1349 δι
769 1273 889 1374 aliquia
917 1278 951 1348 in
966 1299 1064 1374 prora

62 1366 176 1442 sedens
194 1369 335 1468 lapidem
356 1371 464 1445 versus
485 1371 686 1446 occidentem
710 1395 786 1444 cum
802 1368 913 1444 eadem
941 1368 1064 1444 ueloci-

63 1483 129 1536 tate
144 1463 305 1562 pro'iciat,
352 1492 392 1542 ua
408 1466 476 1563 ipsa
492 1472 587 1541 navis
599 1466 642 1540 ad
655 1467 814 1542 orientem
835 1465 1065 1563 progreditur;

61 1556 145 1655 lapis
157 1489 272 1638 inlioc
286 1492 360 1637 cdl
377 1562 550 1662 spedlatoii
563 1565 651 1636 intra
665 1587 782 1636 navem
796 1586 923 1636 moveri
939 1561 1066 1637 videbi-

60 1675 117 1728 tur
133 1657 240 1732 versus
255 1659 471 1752 occidentem,
494 1659 530 1732 ἃ
547 1659 616 1754 ejus
640 1658 795 1732 velocitas
804 1651 947 1731 'relativa
958 1682 1064 1756 aequa-

59 1749 102 1822 lis
117 1753 179 1826 etit
208 1753 309 1854 ipsius
324 1757 419 1828 navis
434 1755 593 1829 celeritati
619 1753 776 1828 absolutae
790 1780 801 1844 ;
825 1776 937 1826 revera
952 1775 1064 1828 tamen

60 1843 146 1944 lapis
170 1851 306 1944 quiescit
336 1849 493 1949 inspatio
516 1848 678 1941 absoluto,
699 1847 952 1924 abstrahendoa
970 1873 1064 1922 terrae

58 1947 206 2016 motu&
229 1967 270 2016 eo
296 1945 388 2016 omni
415 1943 473 2040 qui
488 1969 529 2020 ex
547 1947 707 2041 gravitate
729 1946 809 2019 oriri
821 1943 938 2046 potest.
973 1945 1063 2020 ntfi

57 2061 225 2207 ponamus
239 2037 380 2146 aliquem
393 2062 483 2114 extra
508 2064 625 2114 navem
653 2040 775 2114 inacte
792 2040 982 2138 pendulum,
1005 2039 1064 2116 ille

72 2159 90 2205 a

90 2132 200 2230 pidem
212 2139 429 2232 quiescentem
439 2135 594 2232 spedlabit
604 2163 615 2230 3
625 2161 699 2212 cum
714 2136 911 2236 verogravis
928 2133 968 2210 sit
978 2135 1062 2234 lapis

58 2229 186 2305 videbit
196 2232 288 2306 illum
304 2235 617 2333 perpendiculariter
627 2256 751 2308 tantum
764 2233 915 2308 deorsum
925 2256 1063 2308 moveri·

60 2347 138 2419 tem,
159 2351 219 2402 nec
236 2330 338 2426 magis
363 2329 474 2404 versus
497 2351 608 2406 ortum
659 2355 730 2404 uam
755 2329 902 2406 occasum
928 2329 1064 2403 tenden-

56 2443 146 2510 κως
170 2425 359 2501 visenima
381 2426 574 2526 projiciente
597 2354 791 2523 inlepidem
808 2423 957 2524 impressa
973 2424 1062 2500 nihil

56 2517 152 2592 aliud
169 2521 247 2616 agit,
269 2546 366 2619 quam
382 2513 522 2596 destruit
540 2521 696 2620 aequalem
712 2527 779 2594 vim
803 2523 923 2616 motus,
946 2549 1017 2621 quae
1039 2525 1061 2594 a

56 2615 140 2689 navi
158 2615 265 2691 versus
286 2621 480 2692 contrariam
497 2617 626 2715 plagam
653 2617 712 2714 ipsi
736 2617 1062 2702 communicabatur;

57 2730 152 2786 moto
168 2711 256 2788 enim
285 2713 432 2813 quolibet
451 2737 591 2814 corpore
608 2711 661 2788 vel
687 2715 812 2810 spatio,
826 2713 924 2785 etiam
951 2710 1062 2784 omnia

55 2830 197 2905 corpora
231 2809 284 2884 vel
308 2836 486 2908 corporum
518 2810 685 2908 particule
711 2812 799 2884 intra
825 2805 907 2881 illud
925 2805 1062 2882 relative

55 2900 277 3000 quiescentia,
312 2908 421 2980 eadem
450 2907 617 2982 celeritate
650 2904 683 2981 lli
711 2905 885 2984 secuudum
924 2903 1060 2980 eandem

57 2997 188 3096 plagam
203 3025 400 3088 moventur;

109 3100 155 3165 At
184 3092 318 3191 objiciat
346 3093 482 3192 aliquis,
514 3093 653 3192 lapidem
678 3101 699 3171 ὲ
726 3123 825 3172 manu
856 3093 1061 3197 projicientis

33 3215 35 3222 ’
55 3185 208 3267 emissum
222 3214 257 3263 in
276 3190 375 3286 ipsam
390 3189 527 3290 puppim
545 3194 735 3286 impingere,
758 3194 854 3289 eique
880 3184 981 3264 illurn
999 3191 1058 3260 iin-

59 3287 209 3385 priiuere,
233 3286 378 3385 adeoque
405 3313 481 3361 cum
504 3287 586 3383 lapis
601 3288 646 3376 ,in
665 3289 766 3388 ipsam
790 3290 927 3384 puppim
954 3287 1061 3378 irruit,

56 3407 130 3456 non
142 3382 252 3484 potest
267 3408 336 3457 non
352 3386 496 3475 moueri3
512 3383 708 3478 respondeo,
722 3407 836 3456 verum
851 3381 981 3479 quidem
994 3377 1060 3454 elli:

57 3504 127 3573 eos,
150 3479 210 3577 qui
232 3480 320 3576 intra
345 3505 464 3554 navem
495 3479 676 3575 versantur,
699 3479 838 3576 lapidem
860 3501 896 3550 in
918 3481 1058 3588 puppini

55 3577 235 3651 irruemem
252 3601 387 3676 eamque
402 3578 636 3676 percutientem
661 3575 868 3676 conspicere;
894 3597 927 3648 at
954 3579 978 3648 li
998 3601 1058 3675 pu-

56 3693 156 3744 natur
172 3672 288 3773 aliquis
303 3696 393 3748 extra
418 3697 535 3746 navem
558 3674 593 3745 iii
615 3699 688 3747 aete
712 3673 874 3774 pendulus
888 3700 906 3760 ;=
919 3671 973 3744 ille
986 3696 1058 3745 non

55 3767 201 3868 lapidem
224 3768 335 3848 vorsus
350 3769 497 3870 puppim,
511 3769 563 3846 sed
579 3773 716 3940 pluppim
730 3770 766 3876 iii
782 3769 922 3871 lapidem
938 3768 1058 3868 impin·

635 3879 666 3942 2'
930 3883 1062 3960 gentem
