2460 4298
504 67 607 190 ¹[.1.1
639 69 660 176 ]

2 269 20 306 ,ἱ
67 227 125 284 rur
147 230 287 302 vocem,
309 203 441 282 diverso
468 205 601 304 prorsus
624 203 718 281 sensu
747 201 914 306 accipiunt
936 209 1073 284 Geomess

2 293 21 382 ,ἶ
61 325 135 398 trae,
150 329 250 401 quam
268 299 473 402 philosophi,
488 325 549 374 nee
561 301 616 376 sua
633 302 737 376 solida
747 304 964 402 magnitudini
977 331 1073 403 pene

2 397 27 510 Ξ
66 401 180 474 arabili
196 419 388 500 opponunt,
411 396 467 470 sed
499 397 603 496 planae
618 399 672 472 seu
689 399 927 504 superficiebus,
943 401 1076 496 angulis

2 562 26 595 .,
66 495 187 594 planis,
210 499 248 570 δι
263 496 367 591 lineis,
382 517 481 566 omne
494 493 582 568 enim
594 493 676 568 illud
689 493 778 594 apud
790 513 847 569 eos
860 491 1002 570 solidum
1014 495 1074 594 cll,

2 587 26 684 ζ
66 592 162 689 quod
177 587 265 666 trina
279 589 478 667 dimenfione
489 589 626 664 constat.

2 689 24 740 ¹⁶,
117 689 165 760 At
178 685 311 762 alterius
326 687 452 785 generis
465 685 513 758 est
524 685 583 760 illa
599 683 745 760 soliditas
757 687 798 762 ab
811 687 967 787 el,quam
982 706 1019 762 ut
1029 683 1071 763 ad

2 761 20 803 Ξ
66 807 209 884 corpora
226 783 429 858 solummodo
446 781 608 879 pertinere
623 781 776 878 diximus,
785 783 831 856 ita
844 791 940 858 etiam
965 787 1072 859 omni-

68 879 129 952 bus
144 904 203 954 cor
250 905 323 954 riam
351 877 522 979 generibus
546 877 655 970 inest,
676 878 746 952 sive
764 878 867 954 fluida
904 881 979 974 sint,
1001 882 1069 955 live

2 957 17 1068 ἶ
68 906 250 1070 durastiiii
278 973 381 1070 firma,
403 973 519 1048 &fixa
531 971 607 1070 fint,
621 973 675 1048 seu
687 973 782 1066 facile
794 973 930 1051 mobilia
943 978 977 1052 dr
989 975 1072 1048 idlui

2 1085 12 1097 ’
71 1070 234 1164 cedentia,
269 1075 333 1144 Seu
403 1070 476 1143 avia
503 1067 677 1146 admodum
697 1070 771 1163 sint,
794 1072 861 1146 live
883 1096 999 1174 partim
1014 1070 1071 1145 ha·

2 1149 15 1260 f
70 1165 167 1240 mant
178 1168 342 1264 ponderis,
353 1192 392 1240 ve
406 1164 446 1240 ⁴'st
459 1164 600 1239 omnino
612 1163 702 1238 levia
715 1165 835 1262 forent,
857 1167 883 1240 fi
910 1168 1009 1242 modo
1023 1189 1070 1242 ta·

2 1265 13 1314 ’θ
66 1257 114 1335 lia
143 1262 297 1340 darentur
321 1286 472 1364 corpora
509 1261 678 1335 nonenim
700 1261 807 1334 minsis
819 1261 974 1361 prohibet
986 1263 1070 1338 duo·

2 1343 12 1386 ¹
65 1383 139 1432 rum
154 1359 347 1458 quorumvis
362 1382 542 1456 corporum
568 1355 755 1431 con-tanum
776 1379 871 1454 gutta
900 1383 1001 1458 aquae,
1016 1357 1071 1433 vel

2 1441 11 1550 ξ
64 1455 149 1528 aeris
179 1455 339 1553 particula
356 1456 444 1546 inter
461 1454 529 1528 duo
540 1451 596 1526 illa
621 1478 759 1552 corpora
779 1455 912 1532 immota
935 1469 1070 1536 manens

2 1558 10 1642 ζ
65 1575 163 1648 quam
188 1551 393 1628 duriffimum
421 1549 615 1624 lerrumaut
631 1551 775 1625 Adamas.

3 1665 4 1670 ’
112 1651 173 1722 Per
201 1648 287 1722 hanc
309 1646 453 1744 denique
477 1646 733 1746 proprietatem,
753 1643 966 1742 distinguitur
996 1671 1069 1720 cor·

2 1757 9 1834 ξ
65 1757 140 1838 pus,
162 1743 202 1816 ab
216 1743 284 1818 alio
308 1741 506 1818 extenlionrs
518 1766 646 1840 genere,
669 1741 758 1840 quod
776 1742 974 1837 penetrabile
988 1759 1069 1832 con}

2 1863 8 1934 ‘.
64 1837 218 1932 cipimus,
241 1840 275 1926 δι
300 1837 439 1938 spatium
471 1863 637 1934 vocamus,
660 1838 696 1911 in
720 1865 788 1934 quo
804 1840 914 1913 omnia
927 1861 1069 1938 corpora

3 1945 4 1960 ³
66 1929 172 2006 locari
196 1935 231 2007 dr
251 1933 377 2009 moveri
403 1933 582 2030 cernimus,
603 1934 685 2008 illud
707 1932 814 2032 ipsum
839 1959 875 2006 ut
898 1934 1067 2024 immobile

65 2025 263 2129 spedlames.
1058 2039 1061 2118 ζ

82 2199 84 2206 χ
114 2123 308 2220 Cartefiani,
331 2124 388 2222 qui
401 2150 520 2222 eorpus
542 2151 600 2228 per
613 2125 685 2224 ejus
702 2131 855 2200 ‘naturam
876 2123 1003 2222 (quam
1029 2124 1067 2196 in

62 2215 133 2294 sola
147 2220 335 2296 extenfione
357 2223 532 2297 consistere
559 2224 710 2319 uolunt)
732 2217 908 2316 deliniunt,
938 2213 1071 2306 nullunl

62 2317 248 2414 agnoscunt
262 2317 431 2416 spatium,
454 2319 511 2392 seu
536 2319 717 2414 extensum,
742 2316 831 2415 quod
855 2316 975 2393 nonsit
993 2325 1067 2393 con·

13 2477 15 2482 ,
64 2437 227 2509 porcum;
251 2438 366 2487 verum
379 2439 452 2487 cum
467 2439 526 2487 nos
542 2415 636 2513 spatii
651 2415 767 2508 ideam,
789 2415 969 2514 acorporis
992 2415 1066 2491 idea

64 2507 250 2604 dillindlam
259 2509 429 2602 habemus,
437 2509 492 2583 vel
505 2511 616 2584 saltem
634 2505 1067 2607 noshabereirnaginamurl

62 2626 204 2701 peccant
226 2629 339 2681 contra
353 2606 448 2682 bonae
471 2608 622 2683 methodi
635 2607 733 2705 leges,
754 2603 813 2704 qui
834 2608 980 2704 corporis
1008 2615 1074 2694 παρ’

9 2703 10 2706 ’
64 2723 171 2774 turam
189 2701 247 2776 seu
269 2700 439 2776 essentiam·
451 2703 611 2798 intimam,
632 2705 670 2776 in
682 2701 795 2800 aliquo
813 2697 883 2800 ejus
907 2698 1067 2775 attributo

64 2819 212 2896 ponunt,
234 2797 322 2895 quod
336 2799 440 2870 anilli
453 2797 515 2875 soli
529 2821 704 2900 competat,
726 2822 798 2874 non
811 2818 898 2871 certe
907 2795 1046 2873 c'onstat.

112 2893 289 2972 nedicunt
301 2891 481 2968 Cartefiani
491 2897 647 2996 Corporis
657 2918 815 2989 naturam,
828 2894 865 2967 in
875 2893 942 2968 alio
957 2893 1067 2988 nullo,

62 2985 155 3062 illius
183 2989 345 3062 attributo
365 2988 535 3066 consistere
595 2989 651 3086 lle,
672 3017 747 3066 cum
760 3016 820 3064 nec
833 2989 980 3084 durities,
1004 3013 1067 3062 neo

63 3083 202 3174 colores,
226 3110 286 3160 nec
300 3083 442 3184 pondus,
465 3111 525 3160 nec
564 3113 653 3186 gurae
689 3113 749 3162 nee
757 3085 896 3186 sapores,
918 3108 1067 3176 necque·

61 3175 146 3253 libet
159 3179 341 3256 istiusmodi
364 3179 558 3280 qualitatum
582 3143 707 3258 sensiam
729 3181 952 3272 afficientium,
976 3177 1067 3270 illiue

59 3271 230 3352 ellentiam
248 3278 444 3358 constituere
469 3279 622 3379 pollent,
645 3275 900 3373 omniaquippe
917 3273 986 3351 haec
1016 3285 1066 3352 at*-

58 3373 186 3447 tributa
214 3372 346 3470 polluat
372 3377 393 3448 a
420 3399 559 3474 corpore
581 3374 681 3468 tolli,
714 3375 841 3470 integra
860 3394 969 3449 tamen
987 3393 1065 3448 ‘'ma-

58 3490 164 3544 nente
179 3469 329 3574 eorporis
356 3492 484 3566 natura,
507 3469 632 3546 sublata
661 3491 768 3544 tamen
796 3470 1066 3566 extensionelln·

57 3566 121 3639 tim
135 3561 276 3642 tolletur
290 3591 346 3640 ens
360 3591 568 3741 cofiporeum,
581 3568 727 3676 adeoque
741 3567 777 3648 in
789 3565 858 3650 sola
875 3567 1065 3672 extenfi0n9
1094 3569 1095 3572 ’
1166 3625 1167 3629 ,

461 3689 492 3741 tn
505 3653 759 3747 ellenecelleell
806 3681 834 3694 ’“
1033 3727 1056 3760 .,

575 3765 647 3862 Ba
906 3779 910 3788 ·
941 3773 944 3786 ¹
982 3761 1068 3836 flod

404 3591 416 3637 l'

56 3663 210 3761 corporis
235 3671 386 3743 natumm
429 3685 459 3742 ta
