2460 4298
633 191 754 298 [²]

193 331 235 406 acl
268 329 424 406 solvende
454 349 578 406 natura
615 329 829 428 phaenomena
852 325 1043 404 uccellariru
1072 328 1187 425 duxillr,

193 450 292 526 atque
315 427 352 500 in
365 426 454 502 hunc
471 426 634 502 lineroeas
647 422 837 501 adhibuille·

240 521 387 598 Secunde
402 522 611 622 phylicorum
639 547 719 623 gens
733 522 753 593 ὲ
766 517 887 624 Schola
903 519 978 594 Peri
1025 522 1125 600 cetico
1138 523 1186 598 ori

191 618 302 718 ginetn
318 619 438 708 duuit;
463 617 626 696 hocseeta
639 643 696 719 per
709 639 888 712 materiam,
911 617 955 722 ¹&
986 643 1112 714 ornias,
1137 622 1184 718 pri·

193 716 362 812 vationes,
398 719 535 791 virtutes
561 715 793 804 elementares,
827 711 1002 810 qualitates
1031 717 1183 808 occultu,

189 811 397 910 Sympathias
418 811 453 886 &
476 812 694 914 antipathias,
717 809 1183 916 faculotcetruactr'ones&

189 908 224 980 id
237 932 341 1006 genus
366 908 429 984 alia
448 908 613 1008 phylicatn
641 903 933 1014 suamexplicavtt.
985 909 1138 1002 Verum,
1157 931 1182 983 ut

187 999 886 1198 ttullutlrtrtlrhltlult
900 1022 1113 1200 tetur
1126 1032 1182 1174 tl

187 1127 520 1292 posuillegnomina,
543 1125 824 1295 atqueqtemrinus
845 1193 1056 1271 adinveniffe
1082 1201 1180 1299 quibu

185 1292 345 1369 Auiones
373 1291 534 1368 naturales
549 1293 611 1366 rite
626 1291 794 1388 deliguare
810 1289 987 1388 polluctus.

236 1389 389 1464 Tertium
418 1385 725 1484 philosophantium
754 1409 857 1484 genus
881 1409 940 1485 per
968 1390 1180 1486 experimenta

185 1487 351 1580 procedit:
375 1482 517 1580 atquein
538 1481 572 1556 id
605 1481 711 1558 solum
727 1481 901 1577 incumbit,
913 1503 952 1556 ut
968 1490 1124 1584 corporis
1136 1513 1180 1562 tu·

177 1579 298 1677 Jusque
327 1582 547 1676 proprietates,
569 1580 606 1654 ἃ
631 1579 776 1656 actione
796 1603 923 1672 omnes,
945 1603 1008 1676 per
1040 1583 1178 1658 sensuum

181 1673 463 1771 repraesentamina
490 1676 585 1750 nubis
612 1675 826 1750 innotescant.
849 1674 949 1772 hujus
981 1675 1081 1756 seete
1106 1681 1179 1756 libo

181 1769 271 1846 ribus
300 1770 388 1846 lmud
400 1771 517 1868 exigua
536 1773 632 1846 debet
643 1771 854 1870 philosophia
865 1771 1097 1870 inerementa;
1121 1777 1179 1876 plu·

180 1891 216 1940 ra
231 1867 360 1942 lortaffe
376 1867 496 1944 exinde
512 1889 691 1964 receptura,
720 1869 744 1942 fi
758 1867 904 1943 methodi
920 1873 1177 1966 expetimeoulis

179 1962 348 2038 {celatores
375 1963 480 2040 nullas
503 1961 563 2038 fibi
580 1965 653 2063 iplis
680 1963 846 2039 linitiffcnt
868 1963 1024 2059 theorias,
1048 1971 1176 2070 adquae

174 2061 417 2136 confirmandas
457 2059 676 2159 experimenta
705 2060 762 2136 sua
834 2059 923 2134 ffime
966 2063 1176 2140 detorserunt

218 2163 349 2253 Quarta
357 2157 500 2254 denique
512 2156 764 2252 Pliysrcotumcl
809 2182 835 2232 ts
850 2155 1043 2234 mechanica
1060 2161 1176 2237 urciso

175 2253 223 2324 let
236 2307 247 2343 ,
270 2253 305 2327 &
328 2254 388 2350 qui
405 2254 484 2324 huic
508 2251 597 2325 seilae
633 2255 768 2326 nomina
796 2254 902 2344 dant,
923 2257 1046 2330 omnia
1063 2282 1174 2333 nature

18 2385 21 2390 ·
175 2347 403 2446 phaenomena,
427 2367 484 2442 per
510 2347 732 2441 nuteriam&
749 2373 902 2444 motum,
922 2354 1073 2444 partium
1103 2355 1173 2452 figu-

174 2467 243 2514 ram
253 2465 350 2540 atquc
366 2461 538 2537 texruram,
561 2445 731 2538 particulas
747 2445 888 2537 subtiles,
910 2469 1012 2546 atque
1026 2451 1172 2526 effluvio·

173 2563 246 2612 rum
275 2540 429 2632 aeliones,
453 2537 485 2612 sc
508 2537 596 2636 polle
614 2541 754 2617 enodare
773 2563 903 2642 putant,
923 2563 1028 2642 arque
1063 2549 1171 2620 horon

171 2638 379 2734 operationes
394 2631 572 2710 secuudum
586 2661 680 2711 notas
692 2663 791 2738 atque
811 2637 968 2712 stabilitas
983 2643 1172 2718 mechanico

171 2733 257 2830 leges
269 2732 342 2806 fieri
352 2732 571 2806 contendunt.

216 2831 273 2902 Ex
288 2828 386 2902 variis
411 2825 499 2901 hisce
529 2827 785 2926 philosophandi
812 2829 989 2927 methodis,
1019 2838 1074 2910 uti
1091 2838 1171 2910 nulli

169 2922 215 2996 est
230 2925 266 2997 in
281 2923 471 3022 quaomnia
487 2923 627 3020 placent,
646 2926 691 2999 ita
718 2928 757 3000 in
767 2928 920 3020 omnibus
935 2931 1086 3024 quaedam
1103 2958 1166 3032 pro·

169 3020 243 3095 bare
261 3020 448 3120 pollumus3
472 3019 627 3118 quocirca
644 3045 680 3096 ut
699 3023 843 3100 delectus
856 3023 1016 3097 habeatur
1033 3049 1167 3126 oportet,

166 3143 205 3192 ea
230 3118 384 3218 eligendo
399 3141 471 3212 quae
487 3116 560 3189 usui
576 3122 713 3192 maxime
731 3121 840 3194 lutura
859 3120 947 3212 sunt,
960 3123 997 3195 ut
1011 3115 1165 3200 rationem

165 3237 206 3286 etr
221 3216 309 3290 hilce
324 3215 476 3289 omnibus
501 3215 710 3312 compositam
739 3217 910 3312 sequendo.

214 3315 259 3382 Et
286 3315 404 3410 ptimo,
431 3335 505 3384 cunt
522 3312 665 3408 antiquis
677 3313 951 3409 Pythagoricis&
981 3313 1165 3408 Platonicis

165 3408 381 3481 Gmmetriaru
412 3407 448 3480 ἃ
472 3407 915 3506 Arithmeticorn,tanquam
930 3429 1013 3482 actes
1042 3416 1086 3488 ad
1111 3415 1164 3486 rite

166 3500 463 3596 philosophandum
483 3502 677 3597 uccellirias,
697 3505 731 3576 in
758 3506 919 3578 auxilium
946 3509 1163 3597 accensemus,

164 3597 230 3669 line
246 3598 363 3692 quibus
390 3623 501 3694 parum
523 3599 696 3674 atltnoduru
724 3601 804 3675 cerri
828 3601 869 3674 dc
896 3603 1161 3680 caulisrtacutali-

164 3693 223 3766 bos
235 3691 403 3767 coullabir.
428 3695 511 3768 Cum
527 3695 732 3770 enimomuis
756 3697 841 3770 actio
869 3698 1000 3794 phyfica
1027 3706 1050 3772 ὲ
1077 3724 1159 3774 motu

162 3789 352 3888 dependeat,
376 3797 437 3864 uttt'
460 3792 647 3864 liltemuorr
678 3791 717 3866 fit
748 3793 868 3892 abl'qtte
902 3816 1022 3890 motu,
1045 3800 1177 3892 umuli,

196 3927 200 3936 ·
984 3916 1158 3988 quantitas,
