2460 4298
429 207 651 318 ’[47]

72 343 169 418 dabit
195 349 372 414 numerum
400 337 631 434 particularum
657 359 700 409 ex
728 333 793 408 assa
818 334 933 410 soetida
966 340 1079 434 prode-

75 440 252 530 untium,
291 433 416 508 scilicet
464 437 635 530 3618976.
683 453 833 530 praeterea
885 430 911 506 st
961 431 1078 513 mmo

274 548 308 590 12

68 619 131 703 ...Ι
145 659 205 698 000
216 657 273 698 000
283 655 339 696 000
351 657 407 696 000
418 657 474 696 000
510 637 519 672 ‚
541 603 613 676 quae
628 573 883 675 magnitudinem
900 577 1078 677 particula·

69 751 153 800 rum
167 727 205 798 in
215 729 326 820 priore
336 725 408 796 casu
420 720 687 817 exprimebat‚per
698 742 740 790 21
752 719 1080 819 dividetur,quotiens

279 837 312 878 12
816 835 829 888 ς
834 839 853 888 7

119 945 223 991 21000
231 945 353 986 000000
361 945 417 984 000
425 945 482 984 000
539 861 594 936 seu
644 940 698 981 100
708 940 764 978 000
775 941 830 980 000
841 942 959 984 000000
971 945 1027 985 000

72 1010 251 1086 exhibebit
267 1034 373 1084 ueram
387 1005 643 1105 magnitudinem
657 1008 794 1082 uniuscu
792 1008 911 1108 jusque
939 1035 1077 1106 particu-

77 1107 134 1199 lae,
161 1113 197 1181 in
211 1107 274 1180 boc
290 1103 466 1200 posteriore
478 1101 562 1176 casn.

134 1205 213 1276 Haec
228 1201 390 1276 omniaex
401 1224 442 1274 eo
462 1198 649 1296 sequuntur,
672 1198 760 1296 quod
776 1198 877 1273 homo
891 1201 996 1295 potest
1007 1201 1077 1276 alsae

77 1297 203 1372 foetidae
214 1297 347 1370 odorem
357 1295 399 1368 ad
414 1294 599 1369 distantiam
614 1293 759 1390 quinque
773 1297 889 1392 pedum
906 1296 1033 1389 sentire,
1045 1321 1078 1372 at

13 1431 15 1438 ·
76 1391 237 1466 fontalia
260 1391 424 1486 animalia,
450 1414 593 1490 quorum
602 1389 709 1462 sensus
725 1389 762 1460 in
773 1392 941 1465 odorando
967 1393 1079 1467 huma·

75 1489 132 1562 nis
161 1488 303 1562 sensibus
330 1490 408 1562 sunt
436 1485 543 1561 multo
566 1487 737 1575 acutiores,
759 1487 869 1582 qualia
901 1489 938 1560 in
967 1489 1080 1586 primis

78 1585 162 1658 sunt
180 1610 274 1660 canes
289 1586 443 1676 venatici,
465 1583 524 1680 qui
552 1580 691 1655 serarum
718 1580 852 1655 effluvia
868 1585 904 1656 in
920 1607 1004 1657 terra
1031 1609 1080 1659 re-

71 1679 168 1755 lidlas
187 1681 292 1777 longo
323 1681 396 1778 post
414 1677 573 1754 deesseum
600 1677 740 1750 serarum
757 1699 912 1774 tempore,
943 1681 1080 1779 percipi·

73 1799 164 1868 unt,
185 1778 220 1850 &
240 1802 316 1848 aves
343 1778 502 1871 quaedam,
524 1772 755 1874 quaepulveris
768 1775 857 1870 pyrii
880 1775 1012 1849 odorem
1037 1778 1081 1859 ad

72 1895 231 1968 magnam
263 1870 449 1944 distantiam
475 1870 631 1945 sentiunt.
659 1891 792 1966 oportet
806 1891 894 1944 certe
923 1895 959 1944 ut
974 1871 1080 1946 istius-

77 1966 176 2040 modi
204 1965 414 2040 effluviorum
446 1966 603 2040 subtilitas
624 1966 725 2062 longe
742 1965 844 2062 major
858 1966 898 2040 stt
911 1990 960 2062 ea,
982 1993 1079 2067 quam

79 2087 126 2136 ex
150 2061 318 2162 superiore
347 2061 474 2136 calculo
487 2063 654 2155 elicimus;
678 2085 712 2136 at
724 2062 769 2137 ob
781 2064 1080 2160 experimentorum

80 2157 248 2234 defectum
266 2182 337 2232 non
353 2158 461 2256 potest
476 2183 514 2232 ea
526 2157 619 2234 facile
629 2159 670 2232 ad
687 2183 840 2232 numeros
862 2158 1016 2234 revocati

63 2295 65 2300 ·
128 2259 179 2328 Ut
203 2256 343 2329 materiae
370 2255 579 2332 subtilitatem
601 2255 736 2331 ulterius
749 2254 923 2332 ostendant
934 2254 1079 2354 philoso-

77 2351 151 2449 phi,
164 2351 198 2422 in
208 2353 394 2451 exemplum
406 2353 577 2430 adducunt
587 2350 779 2428 animalcula
789 2353 858 2448 illa,
869 2379 941 2452 quae
951 2351 1078 2442 inallo-

76 2473 153 2521 rum
167 2447 356 2522 animalium
386 2448 507 2524 semine
533 2450 613 2522 &in
629 2448 700 2521 aliis
729 2451 911 2546 liquoribus
933 2452 1079 2526 natantia

74 2542 355 2640 conspiciuntur,
378 2545 446 2618 hacc
463 2544 613 2640 equidem
642 2544 676 2616 in
698 2547 890 2710 puibusdam
913 2546 1023 2621 fluidis
1046 2573 1079 2622 a·

76 2640 143 2720 deo
167 2637 323 2714 minutila
338 2638 425 2734 sunt,
450 2659 487 2714 ut
499 2660 560 2740 per
587 2639 695 2714 Micro
710 2640 807 2733 copia
822 2641 983 2736 objedlum
996 2643 1080 2716 mul·

75 2738 311 2834 tumaugentia
328 2735 394 2811 visa
412 2759 448 2809 ut
467 2733 589 2835 ponda
608 2756 804 2833 appareant;
828 2737 897 2806 imo
918 2735 1079 2810 solertissi-

74 2855 152 2904 mus
167 2834 223 2906 ille
251 2856 374 2908 natutae
390 2833 556 2928 indigator
576 2829 826 2912 Lewenhookius
851 2830 945 2930 plura
959 2831 1082 2908 horum

77 2925 351 3001 animalculorum
378 2931 415 3001 in
443 2929 579 3004 ladiibus
605 2930 702 3003 unius
727 2927 829 3003 alselli
855 2929 1081 3028 deprehendit,

78 3043 180 3118 quam
195 3021 426 3093 sunthomines
438 3023 474 3091 in
493 3043 564 3093 tota
590 3025 710 3096 terreni
721 3026 812 3120 globi
835 3025 1002 3122 superficie
1027 3026 1082 3098 de·

77 3136 203 3215 gentes.
238 3115 299 3188 Sed
328 3113 420 3186 lubet
442 3113 563 3186 horum
583 3118 853 3202 animalculorum
885 3119 1083 3216 magnitudi-

77 3236 157 3289 nem
172 3233 279 3284 veram
291 3208 497 3306 investigare.
521 3209 563 3280 ad
577 3212 665 3306 quod
679 3211 890 3304 praestandum
916 3214 1082 3308 sequentia

76 3334 123 3385 ex
149 3307 266 3404 opticis
292 3307 450 3408 suppono.
476 3306 598 3398 Primo,
623 3306 804 3400 Imaginem
825 3306 969 3402 cujusvis
994 3306 1081 3408 obje-

77 3408 125 3482 dli
142 3405 201 3479 sub
216 3403 329 3478 eodem
340 3401 463 3499 angulo
492 3427 533 3476 ex
563 3403 684 3476 vertice
709 3401 894 3488 emerfionis
904 3400 999 3480 lentis
1023 3433 1081 3506 ap·

78 3526 204 3602 parere,
228 3525 297 3596 quo
313 3498 438 3572 vilibrle
460 3524 500 3572 ex
521 3499 640 3574 vertice
651 3497 836 3572 incidentiae
845 3527 861 3589 ς-
887 3499 952 3584 boc
967 3503 1002 3576 in
1033 3506 1080 3580 el.

79 3601 221 3698 Gregorii
230 3594 411 3672 Elementis
428 3595 607 3692 Dioptricis
635 3619 728 3691 prop.
748 3600 799 3668 18.
823 3596 1079 3676 demonstratum
1131 3659 1133 3664 .

81 3697 210 3800 prostat.
236 3693 301 3786 2⁶⁰,
326 3696 386 3766 Per
405 3694 637 3789 experientiam
651 3693 897 3789 comprobatum
921 3696 1081 3768 elleaob·

72 3788 258 3890 jedla,quae
275 3812 428 3888 tanquam
441 3787 562 3886 pundo
583 3785 749 3885 videntur,
772 3789 836 3865 hoc
851 3789 911 3885 eli,
939 3811 1080 3885 quorum

980 3899 1093 3975 partes
