2460 4298
489 87 640 212 [ῑό]

13 281 14 286 ¹
45 253 83 314 rc
105 238 256 338 proferre.
291 235 385 324 Dicit
398 237 501 336 igitur
525 233 722 335 hypotheses
745 235 964 316 Geometrr'crs
985 262 1049 316 nee

47 360 137 410 verae
150 333 217 408 esse
246 357 308 408 nec
337 333 510 433 poflibr'ler5
542 359 617 408 cum
627 331 692 406 scil.
708 356 770 408 nec
787 335 917 431 ponda,
929 359 990 410 nec
1006 337 1049 410 lt-

0 432 5 435 ’
44 449 193 526 neae,nec
212 428 410 526 superficies,
433 449 533 527 prout
563 431 777 512 aGeometris
802 431 1051 530 concipiuntur,

8 597 15 616 ε
44 526 120 602 r'ere
146 531 182 601 in
196 549 308 600 rerum
325 547 443 598 natura
459 523 622 617 exitione
643 524 789 622 adeoque
802 525 1054 602 demonstratio.

41 647 114 718 nes,
125 647 200 719 qua
215 643 258 694 ert
271 621 322 694 his
338 619 527 714 afferuntur,
541 621 584 694 ad
597 619 729 695 restem
754 621 928 696 existentes
942 623 1048 721 appli·
1089 707 1090 710 Ἴ

11 811 13 814 ¹
39 721 110 794 cari
127 743 201 792 non
225 714 327 815 podse,
348 741 422 798 curn
447 715 515 795 scil.
540 715 629 790 nihil
650 740 763 792 cotum
779 716 1055 806 vereexistitnisu

7 896 8 899 ,
39 816 79 890 in
93 811 333 896 ideisnostris:
354 811 445 908 juber
459 811 562 909 igitur
576 815 767 888 Geometras
792 812 852 886 fibi
880 814 950 888 suas
981 813 1048 891 ser·

1 986 15 1017 2
41 935 125 985 trare
147 907 451 1000 demonstrationes,
472 931 598 982 neceas
621 908 664 982 ad
685 907 853 1006 phyficam
869 909 1055 1004 transferre,

0 1030 12 1047 “
41 1033 118 1106 quae
148 1031 219 1080 non
235 1005 340 1088 lucem
363 1004 418 1078 sed
433 1002 570 1102 majores
593 1004 673 1079 huic
702 1004 845 1082 scientiae
873 1003 1054 1092 offundant,

9 1155 15 1208 t
42 1102 203 1194 tenebrae
229 1101 337 1176 Miror
349 1125 412 1196 ego
421 1099 519 1198 hujus
530 1100 595 1174 viri
617 1100 698 1172 alias
711 1100 883 1175 doctissimi
892 1102 928 1176 in
949 1100 1049 1176 hacce

2 1201 15 1224 ‘⁴
43 1223 83 1274 re
105 1197 311 1296 imperitiam,
334 1197 447 1294 potuit
469 1194 545 1268 sane
568 1195 684 1270 eodem
716 1195 781 1269 'ure
811 1197 1052 1294 suppositiones,

0 1388 6 1389 γ
40 1294 140 1370 etiam
156 1293 368 1392 quascunque
400 1291 548 1390 physicas
575 1289 691 1366 sustul'
721 1315 752 1384 e,
781 1317 857 1365 cum
884 1292 931 1390 hy
979 1294 1049 1366 the-

10 1470 16 1494 τ
40 1389 88 1464 ses
110 1393 324 1466 Geometricae
346 1393 438 1486 aeque
454 1387 601 1462 certae&
624 1389 717 1486 aeque
731 1386 895 1484 poffibiles
939 1408 999 1462 unt
1013 1389 1050 1464 ὅσ

10 1484 378 1578 arealeeacjltae-sunt,
401 1507 482 1584 quas
497 1483 646 1580 physicas
670 1482 770 1558 dicit:
795 1486 862 1558 imo
886 1483 912 1558 fi
936 1483 1051 1560 existit

21 1585 25 1649 J
42 1607 173 1681 corpus,
184 1579 370 1666 neceffirio
383 1582 495 1671 ,etiam
509 1578 649 1654 existent
665 1605 741 1654 vera
756 1581 982 1680 punda,uerae
1005 1581 1047 1654 li·

40 1681 161 1756 nea&
191 1691 275 1752 rerae'
295 1676 493 1774 superficies,
515 1683 646 1774 prouta
662 1677 1050 1776 Geomettisconcipiun·

40 1795 100 1848 tur
113 1774 223 1872 3quod
237 1773 334 1848 facile
348 1771 564 1848 ostendemua
609 1774 695 1848 Nam
709 1772 733 1848 st
746 1771 841 1848 datur
856 1798 986 1871 corpus,
1010 1771 1051 1847 il·

2 1878 8 1884 ‘
41 1869 108 1942 lud
131 1895 207 1944 cum
222 1867 392 1942 infinitum
408 1894 478 1942 non
490 1868 541 1964 fit,
564 1867 781 1944 suoshabebit
796 1871 961 1964 terminos,
975 1893 1049 1944 cot·-

15 1985 19 1993 ’
70 1964 139 2038 oris
155 1988 235 2039 vero
252 1962 384 2036 termini
395 1964 469 2038 sunt
484 1963 680 2063 {irperficies²
697 1965 732 2038 δι
744 1965 874 2038 termini
896 1963 947 2038 illi
973 1965 1049 2038 nul-

10 2144 13 2148 ,
41 1990 110 2134 fam
133 2060 259 2140 habeut
281 2056 553 2155 profunditatem
578 2059 704 2134 fienim
726 2059 893 2152 haberent,
918 2083 959 2132 eo
974 2059 1048 2158 ipso

38 2148 135 2253 {ruod
164 2154 422 2253 profunditatem
444 2157 630 2251 haberent,
659 2179 799 2264 corpora
813 2153 928 2250 effent,
951 2155 1049 2230 habe·

1 2275 3 2280 ’
42 2273 184 2350 rentque
197 2252 255 2326 illa
266 2276 403 2349 corpora
418 2251 501 2329 alios
510 2252 620 2328 rursus
631 2274 797 2347 terminos,
806 2254 865 2352 qui
881 2254 916 2328 su
963 2251 1050 2328 rfici-
1125 2271 1126 2274 ’

43 2348 217 2442 eseflenta,
226 2349 354 2447 deoque
368 2345 447 2423 efflet
461 2347 646 2448 superficiei
662 2353 699 2424 su
745 2347 857 2426 rficies.
874 2377 896 2427 v
943 2354 1050 2450 igitur

42 2442 233 2540 superficies
242 2442 300 2516 illa
312 2447 406 2526 omni
418 2445 625 2522 destitutacst
659 2471 696 2522 ro
710 2445 1051 2542 endromidem

68 2539 304 2614 refunditatem
317 2537 499 2635 habebiefi
517 2543 618 2639 prius,
631 2471 788 2617 dehemus
797 2541 886 2641 quod
899 2545 1052 2638 perimus,
1092 2575 1094 2580 ·

41 2565 93 2710 din
108 2635 280 2734 posterius,
307 2635 349 2710 ad
367 2637 464 2712 aliam
479 2637 590 2716 rursus
599 2639 807 2737 pervenimus
824 2635 1025 2740 superficiem
1036 2664 1057 2732 ς,

43 2755 141 2828 atque
172 2732 216 2806 src
231 2733 480 2832 progrederetur
510 2736 548 2810 in
577 2734 746 2809 infinitum
757 2733 847 2834 quod
877 2731 924 2806 est
937 2733 1059 2814 absum,

44 2828 126 2902 dum
142 2853 150 2898 :
176 2853 274 2926 quare
287 2829 462 2908 dicendum
477 2829 524 2906 est
539 2832 694 2906 terminos
709 2828 784 2906 illos
795 2830 887 2906 omni
933 2829 1050 2907 rosun-

42 2923 147 2999 ditate
174 2949 311 3019 carere,
331 2951 369 3000 ac
399 2928 540 3025 proinde
566 2952 649 3000 verae
673 2949 771 3001 erunt
795 2927 891 3026 super
916 2927 992 3020 cies,
1012 2929 1060 3014 δι,

44 3042 148 3118 prout
170 3021 384 3099 tricentenis
415 3024 648 3118 concipiuntur
666 3022 785 3120 absque
810 3023 1055 3120 profitndiute,
1086 3044 1087 3047 ’

43 3117 101 3212 seu
133 3142 204 3216 qua
224 3117 470 3215 ¹longitudinem
495 3119 530 3193 &
555 3118 761 3212 latitudinem
777 3117 1058 3214 tantumhabentp

44 3213 83 3290 ad
98 3214 190 3288 suam
205 3211 373 3292 effentiam
397 3215 669 3291 constituendam.

92 3311 233 3404 Rursus,
259 3336 335 3394 cum
361 3311 546 3410 superficies
572 3309 628 3386 illa
660 3307 794 3387 infinita
804 3332 875 3384 non
899 3307 957 3406 est,
983 3307 1049 3388 suis
1172 3343 1174 3347 ·

43 3409 142 3482 etiam
167 3406 339 3484 claudetur
363 3409 524 3504 terminis,
544 3408 678 3492 termini
702 3430 782 3484 uero
808 3405 860 3482 illi
880 3405 974 3485 lineae
999 3409 1075 3486 di-t'

43 3525 178 3600 cuntur,
193 3530 268 3603 quae
298 3527 410 3580 reuera
427 3505 552 3580 nullam
577 3506 702 3579 habent
725 3503 942 3606 latitudinem·
965 3503 1060 3598 alios¹

1 3679 2 3682 ,
42 3603 133 3678 enim
159 3599 348 3701 superficies
370 3599 520 3680 effent&
540 3600 616 3677 suos
640 3601 736 3674 etiam
759 3599 917 3676 haberent
938 3604 1049 3686 terrui.

44 3720 135 3795 nor,
176 3724 259 3799 quoa
285 3696 397 3780 saltem
432 3695 606 3800 concipere
647 3717 779 3800 oportet
815 3698 908 3778 omni
933 3697 1055 3786 latito--

551 3795 583 3869 C
609 3817 633 3868 2
778 3847 780 3852 ,
973 3787 1058 3864 dine
