2476 4298
601 163 749 272 [to]

180 303 372 412 liglpsarum
386 299 529 374 minimis
537 297 722 396 glomotum
734 297 852 396 species
863 296 1015 401 prebent.
1028 297 1107 374 Fila
1117 297 1182 376 hac

183 419 273 478 varie
290 400 375 474 inter
400 395 651 470 seconnettunt
669 396 702 469 dt
720 415 837 470 texunt
852 393 1029 488 linteones,
1053 395 1090 469 dt
1117 419 1183 472 arte

180 499 239 572 sut
267 493 330 570 tela
354 517 397 568 ex
421 493 484 566 illis
498 512 716 589 componunt,
738 515 810 587 quae
827 489 1020 564 vestimenta
1036 491 1180 567 bomini-

180 575 239 668 b'ur
250 591 399 688 praebent.
434 587 502 662 haec
515 589 659 686 denique
670 587 706 660 in
720 586 858 660 linteola
873 587 1004 660 redadla
1019 612 1108 686 aquae
1122 590 1181 664 itti*
1218 655 1223 671 .

178 683 1179 784 mittuntur&malleisligueisinmollemqualipulpamredi-

176 807 314 884 guntur,
322 799 399 880 '‘quae
410 779 711 873 tandem,exficcato
724 779 862 853 humore
873 804 981 875 aquen
993 782 1031 854 in
1047 781 1179 858 sormam

178 879 298 982 papyri
315 878 553 968 transmutatur,
579 901 652 976 quae
677 875 784 973 liigni
800 877 999 950 immittatur
1014 879 1179 976 partimin

179 975 401 1052 tenttiffimum
414 974 594 1070 pulverem,
619 971 735 1070 partim
752 974 788 1045 in
804 972 931 1046 fumum
945 977 1126 1050 evanescit

230 1079 274 1148 At
286 1073 336 1146 hae
351 1095 462 1144 omnes
481 1093 544 1142 tam
557 1068 740 1143 multifaria
750 1068 809 1142 sub
824 1073 941 1166 quibus
953 1071 1070 1144 eadem
1084 1093 1177 1146 mate

179 1170 226 1244 ria
241 1190 373 1268 apparet
398 1165 507 1240 lormae
522 1191 591 1242 non
609 1164 670 1241 nili
683 1189 723 1238 ex
743 1165 977 1264 particularum
1004 1191 1130 1243 mutata
1142 1168 1180 1242 fi·

202 1292 270 1359 ura,
292 1261 520 1361 magnitudine
536 1265 570 1337 δι
584 1285 714 1338 textura
727 1263 924 1361 poveniuut,
947 1266 984 1337 δι
1000 1265 1042 1337 ab
1061 1265 1118 1338 hio
1131 1265 1177 1339 so
1216 1272 1218 1275 ’

176 1291 347 1436 iummodo
361 1361 513 1458 pendent.

226 1457 313 1534 Sicsr
324 1457 448 1527 metalla
463 1455 643 1551 liquantur,
657 1455 742 1550 ignis
757 1454 791 1526 vi
805 1458 948 1554 partium
965 1453 1176 1530 cohaeliodil'·
1194 1463 1218 1548 a

177 1552 332 1640 solvitur,
355 1549 571 1646 &particula
588 1551 791 1623 'metallicaea
815 1552 1003 1626 seinvicem
1029 1554 1175 1649 separata
1199 1625 1200 1628 ,

176 1647 375 1746 rapidiffimo
390 1645 518 1721 cientur
546 1669 650 1741 motu,
679 1671 747 1744 quo
763 1646 803 1720 fit
819 1670 857 1722 ut
875 1647 1012 1723 formam
1029 1650 1179 1746 corporis
1211 1677 1212 1680 ¹

175 1743 274 1820 fluidi
292 1741 441 1818 induant.
919 1755 921 1762 ’

225 1843 318 1916 Hinc
333 1839 430 1914 etiam
453 1843 463 1931 l
467 1861 503 1912 ut
519 1838 666 1936 videtur)
690 1839 798 1914 oritur
814 1841 872 1915 illa
888 1841 1005 1916 salium
1019 1841 1053 1914 δι
1069 1840 1177 1913 metal-

177 1937 287 2012 lorum
313 1937 350 2010 in
377 1936 548 2010 menstruis
574 1933 770 2028 dissolutio,
805 1963 862 2036 per
890 1938 1179 2012 fermentationem

176 2033 265 2107 enim
281 2035 469 2130 separantur
485 2055 588 2128 partes
602 2040 621 2104 a
637 2031 668 2106 se
683 2033 838 2129 inlicem,
863 2035 897 2108 dt
921 2036 959 2110 in
979 2035 1116 2110 minima
1133 2059 1178 2118 re·

176 2131 291 2206 solutae
314 2131 508 2232 corpuscula
530 2127 629 2224 ipsius
648 2128 745 2204 fluidi
771 2134 936 2229 agitantur
962 2155 1072 2224 motu,
1096 2131 1182 2204 unde,

176 2249 332 2325 tanquam
348 2251 487 2326 corpora
500 2225 602 2298 fluida
617 2249 659 2320 ap
701 2226 826 2300 rebunt.
864 2231 935 2303 Ex
951 2230 1042 2304 hisce
1062 2252 1117 2302 cot
1154 2241 1156 2244 ’

176 2347 249 2396 rum
263 2321 629 2427 ipsorumqueqpartium
673 2323 767 2420 gutia
790 2325 825 2396 δι
852 2325 986 2422 reliquis
1008 2253 1177 2398 modifiidd-

176 2419 323 2492 tionibus
344 2417 483 2585 galurtmr
500 2439 655 2490 oriuntur
678 2416 836 2515 elledlus,
869 2420 1017 2517 plurimae
1042 2422 1176 2526 qualita-

175 2534 225 2586 tes
247 2511 340 2610 lingu
359 2513 384 2585 is
398 2536 573 2610 corporum
596 2514 768 2610 generibus
790 2538 942 2617 propriae,
965 2543 1048 2616 quas
1072 2539 1177 2624 perire

175 2606 297 2684 necesse
320 2608 377 2703 est,
401 2609 426 2682 si
450 2609 592 2707 partium
611 2609 804 2684 constitutio
819 2638 970 2688 mutetur.
1006 2616 1053 2691 fic
1068 2644 1110 2692 ex
1131 2621 1176 2688 ea'·

79 2771 81 2776 .
146 2765 148 2770 .
175 2706 249 2780 dem
273 2708 403 2780 materia
418 2735 447 2783 u.
458 2735 491 2802 g.
516 2705 602 2778 ferro
616 2702 799 2781 formantur
810 2709 927 2804 claves,
949 2709 1060 2805 cultri,
1084 2715 1176 2803 limae,

175 2803 281 2898 serrat,
303 2804 338 2876 ἃ
352 2803 414 2874 alia
428 2803 596 2874 innumera
610 2801 825 2879 instrumenta
848 2807 886 2880 ad
905 2809 1013 2881 varius
1030 2810 1115 2884 usus'
1128 2834 1174 2881 ac·

173 2899 390 2992 commodata,
414 2922 552 2996 quorum
569 2898 784 2995 qualitates&
802 2903 935 2979 effedlus
948 2931 990 2979 ex
1007 2907 1085 2980 folia
1102 2931 1174 3005 pen·

174 2995 254 3070 dent
269 2995 445 3074 eorundem
467 2992 604 3164 sigorim
628 2996 716 3069 unde
741 3001 830 3074 eninr
852 2996 939 3075 clavi
954 3006 1107 3104 potentia
1123 3003 1196 3076 sua-

173 3089 343 3174 adostium
364 3090 487 3165 reserati
514 3117 589 3186 um,
623 3092 684 3167 nist
701 3094 742 3167 ab
765 3096 863 3195 ipfius
874 3099 991 3196 ligura,
1015 3101 1172 3198 magnitu-

174 3189 263 3283 dine,
286 3188 321 3266 dt
335 3193 473 3285 partium
485 3190 691 3290 congruitate
705 3219 779 3264 cum
794 3195 939 3296 partibus
958 3197 1032 3270 scrae
1048 3200 1105 3272 cui
1120 3197 1172 3275 im-

173 3287 342 3361 mittitur?
367 3285 453 3362 unde
478 3289 590 3360 cuneis
613 3287 648 3360 δι
670 3288 783 3362 cultris
805 3294 953 3388 potentia
976 3293 1016 3365 ad
1039 3316 1181 3392 corpora·

174 3379 353 3480 findenda?
376 3384 647 3460 nonne-hancei
672 3383 741 3456 sola
770 3387 910 3486 ipsarum
927 3389 1036 3488 ligura
1060 3415 1174 3488 prove·

72 3499 74 3502 ·
173 3478 494 3555 nitedetuonllratur
508 3478 750 3584 invulgarihus
763 3485 804 3558 de
818 3486 1005 3560 mechanica
1027 3481 1174 3580 scriptis?

94 3657 104 3682 η
173 3573 264 3644 unde
289 3574 495 3651 fiuntmotus
523 3577 559 3650 itt
573 3579 745 3670 autoritatis
761 3605 826 3654 tam
851 3584 1035 3682 regulares,
1057 3583 1173 3657 nisiex

173 3668 257 3774 totis
273 3669 406 3744 intei'se
418 3673 593 3774 dispositio,
609 3673 680 3750 “libi
695 3677 839 3754 invicem
853 3681 1023 3777 adaptatio,
1038 3683 1072 3756 dt
1086 3707 1173 3756 com·
1220 3761 1221 3764 Ἴ

195 3763 297 3874 illis?
325 3765 655 3871 unde‘dtniqaeffit,
677 3773 716 3850 u‘t
731 3799 788 3872 per
810 3776 1174 3855 rnachinarartificialta

189 3875 273 3978 ⁸⁵¹²)
632 3903 653 3939 '·.
865 3943 867 3948 .
900 3962 902 3966 .
1088 3875 1171 3951 tanti
1198 3961 1200 3966 .
