2460 4298
190 337 334 437 superios
359 332 653 410 determinavimus.
700 335 785 407 Cum
812 330 901 405 enim
929 329 1057 405 odores
1085 330 1179 427 (sicut

188 459 307 509 caretas
338 456 448 506 omncs
470 430 654 530 qualitates,
676 454 748 528 quae
771 432 921 501 dcentro
938 427 1124 502 secundum
1145 454 1180 503 re·

186 530 251 602 dias
274 528 376 604 lineas
392 547 612 629 propagantur
629 536 639 620 )
664 526 850 600 decrescunt
863 525 898 597 in
912 524 1092 626 duplicata
1101 529 1180 600 ratio·

187 649 229 699 ne
244 625 401 699 distantiae
428 626 528 700 audtae
543 622 584 698 ab
598 623 712 697 eodem
724 644 851 714 centro,
873 619 938 696 erit
952 646 1113 696 numerus
1124 646 1180 720 pat-

186 721 361 796 titulatum
391 723 526 797 odorem
554 719 824 820 producentium,
846 716 881 792 ἃ
905 717 944 790 in
979 716 1065 792 dato
1095 719 1180 817 spatio

186 816 395 913 inclusarum,
418 846 486 918 ug.
502 819 538 892 in
548 816 643 915 digiti
652 816 758 890 cubici
771 815 952 914 quadrante
978 816 1025 889 ad
1053 815 1183 890 distanti·

185 938 238 986 am
264 917 360 988 unius
381 917 480 1013 pedis,
502 911 839 1013 quadruplusnumeri
858 910 1105 1009 particularum
1127 939 1181 1010 qua

185 1011 223 1083 in
240 1007 347 1111 spatio
370 1010 485 1109 aequali
496 1012 537 1085 nd
552 1009 735 1082 distantiam
751 1009 924 1082 duoruma
939 1031 1063 1082 centro
1081 1010 1179 1108 pedum

184 1104 358 1181 locantur:
380 1109 547 1181 &novies
571 1106 673 1204 major
696 1106 760 1181 crit
781 1129 942 1178 numerus
957 1106 1180 1203 particularum

185 1203 226 1275 ad
248 1202 434 1277 distantiam
461 1203 558 1277 trium
622 1203 769 1298 dum,&
797 1202 841 1277 {ic
870 1201 912 1274 de
944 1203 1097 1296 caeteris;
1117 1202 1178 1275 ars

184 1297 307 1396 ubique
336 1323 406 1373 non
433 1298 543 1396 plures
586 1321 680 1372 orent
709 1323 806 1396 quarn
833 1296 910 1371 sunt
937 1298 982 1370 nd
1019 1321 1179 1373 extremam

183 1391 412 1496 superficiem,
445 1393 526 1467 esset
558 1418 672 1467 eorum
695 1419 849 1468 numerus
889 1393 992 1491 supra
1040 1397 1179 1468 inventur

184 1491 425 1585 3615633088.
451 1512 539 1586 patet
562 1490 663 1586 igitur
693 1514 806 1564 revera
831 1486 893 1563 effe
915 1491 1072 1590 ipsarum
1086 1515 1178 1566 nume·

182 1609 256 1658 rum
268 1584 684 1684 numeropraedidtomulto
704 1587 867 1685 majorem.

233 1683 406 1778 utigitur,
422 1684 457 1756 in
468 1684 620 1780 pradisio
634 1681 718 1776 casu,
729 1681 965 1782 particularum
987 1681 1107 1758 odores
1117 1707 1177 1782 pro

182 1775 372 1853 ducennum
398 1805 551 1854 numerus
584 1778 840 1874 determinetur,
877 1781 1115 1874 cognoscenda
1142 1776 1179 1852 cst

183 1873 345 1973 quantitas
356 1873 428 1950 assae
456 1875 587 1969 foendae,
611 1900 707 1974 quarn
723 1879 789 1951 aeri
804 1874 961 1973 exposuit
972 1878 1133 1975 Boyleus3
1152 1894 1178 1947 at

181 1994 223 2043 cx
235 1969 333 2070 ipsius
345 1970 469 2070 scriptis
494 1996 564 2046 non
580 1974 709 2049 constat
722 1994 843 2071 quatita
858 1971 927 2044 haec
954 1971 1046 2064 suit3
1071 1970 1179 2046 necesse

180 2068 244 2141 erit
268 2068 371 2168 igitur
391 2091 428 2145 ut
459 2069 649 2145 assumamus
675 2069 816 2168 aliquam
833 2072 921 2142 iliius
951 2073 1177 2167 quantitatem

181 2159 236 2237 sed
268 2191 335 2261 quo
367 2167 526 2241 minorem
545 2165 647 2263 ipsam
668 2191 852 2266 ponamus,
874 2189 915 2238 eo
945 2168 1059 2261 major
1078 2164 1177 2238 evadit

181 2261 355 2355 proportio
377 2265 508 2345 numeri
523 2261 753 2359 particularum
778 2287 820 2337 ex
834 2286 873 2335 ea
891 2260 1133 2358 profluentium
1142 2260 1176 2333 ad

166 2379 353 2441 ,numerum
370 2357 515 2456 superius
545 2359 729 2452 inventum,
751 2356 1046 2433 caeterisomnibus
1071 2358 1175 2455 paritet
1221 2368 1222 2376 ’

179 2449 311 2544 positis3
337 2473 374 2524 ut
388 2453 488 2548 igitur
511 2476 682 2528 numerum
713 2480 792 2529 vero
815 2478 885 2527 non
907 2456 1073 2552 majorem
1093 2479 1175 2527 erua-

178 2569 261 2639 mus,
284 2544 466 2623 assumenda
489 2546 535 2623 est
566 2551 728 2646 quantitas
752 2550 968 2649 probabiliter
997 2552 1106 2626 ma'or
1133 2554 1175 2642 et,
1229 2546 1230 2556 ’

179 2667 276 2742 quarn
296 2645 361 2720 aeri
372 2648 525 2744 exposuit
545 2648 692 2743 Baaleus,
715 2649 817 2745 fitque
830 2673 867 2722 ea
880 2645 1017 2744 aequalis
1043 2578 1175 2747 sphaera,

178 2739 484 2836 cujusdiameterfit
510 2743 564 2816 sex
575 2744 764 2841 digitorum,
787 2768 846 2842 per
868 2743 1036 2819 circulum
1063 2746 1174 2821 DHO

177 2834 234 2909 hic
258 2838 506 2934 repraesentatae3
530 2839 634 2936 fitque
658 2840 744 2914 resia
771 2839 1024 2938 AD⁴quinque
1052 2840 1175 2940 pedum,

177 2931 234 3004 scu
249 2945 294 3005 60
308 2933 507 3030 digitorum
520 2936 583 3007 erit
598 2937 665 3008 AB
678 2943 701 3010 6
707 2963 721 3029 3
740 2937 918 3035 digitorum
937 2965 947 3028 ;
962 2939 1007 3011 ad
1024 2937 1172 3036 punsium

178 3037 208 3103 A
223 3028 316 3128 super
331 3032 548 3130 ABerigatur
563 3034 839 3131 perpendicularis
865 3037 950 3130 AG,
973 3061 1053 3133 quae
1069 3057 1170 3133 repra·

176 3125 281 3201 senret
301 3126 490 3203 densitatem
512 3126 566 3202 seu
579 3154 752 3205 numerum
765 3130 1000 3229 particularum
1014 3133 1105 3207 intra
1127 3132 1170 3204 dt·

175 3242 246 3300 turn
273 3222 410 3322 spatium
429 3226 470 3300 ad
491 3225 675 3301 distantiam
690 3231 776 3320 AB;
799 3228 834 3302 ἃ
855 3227 880 3300 fi
900 3229 1109 3304 inomnibus
1130 3224 1170 3301 di·

174 3320 299 3399 stantiis
321 3323 429 3397 eadem
441 3321 517 3397 esset
541 3323 770 3422 particularum
795 3324 948 3420 densitas,
970 3351 1091 3403 earum
1117 3349 1169 3398 nu·

174 3439 279 3491 merus
298 3445 356 3514 per
386 3419 488 3495 reddas
507 3421 691 3493 innumeras
717 3423 1004 3517 EQ‚mR,DH,
1030 3427 1093 3500 &o
1159 3463 1168 3481 ·

173 3511 467 3681 rallelofirammum
491 3519 565 3592 ΑΗ
584 3514 795 3617 complentes,
818 3517 882 3593 hoc
895 3517 953 3611 est,
977 3546 1041 3618 per
1071 3521 1107 3618 ip
1123 3540 1169 3591 um

173 3604 278 3704 parall
309 3635 509 3708 ogrammum
525 3613 843 3711 AHexponipoffit.
867 3619 1168 3694 Cumveronume·

172 3727 227 3777 rus
253 3709 496 3807 particularum,
519 3711 553 3785 in
578 3710 698 3784 accessu
713 3713 752 3786 ad
779 3736 940 3807 centrum,
961 3712 1166 3813 supponatur

172 3800 313 3886 crescere
330 3802 503 3883 inratione
527 3805 684 3885 distantia
714 3807 881 3885 diminuta
903 3808 1100 3910 duplicati,
1119 3805 1163 3980 ἐξ

1049 3931 1118 4010 pun
