2476 4298
603 191 750 299 [u]

370 365 796 568 nuclrro
865 393 1032 556 ris«

178 699 501 842 Theore'mata
529 731 592 834 de
605 723 774 836 Motus
787 727 1089 862 Qantitate
1104 733 1175 868 ὠ»

292 871 469 1010 Spatiis
491 871 517 968 b
537 865 784 972 mobilibus
801 867 1062 1007 percursts.

536 1097 754 1176 THEOR.
784 1099 820 1174 Ι..

178 1201 283 1434 IN
305 1212 572 1326 comparandis
597 1235 805 1320 corporum
823 1207 1007 1315 motibus,
1034 1210 1062 1294 fi
1093 1241 1173 1299 mo.

258 1320 394 1406 bilium
433 1324 667 1434 quantitates
698 1317 867 1401 materiae
890 1320 1052 1443 aquales
1081 1323 1171 1431 smt,

231 1453 352 1622 erqnt·
367 1454 566 1516 momenta
578 1429 643 1514 seu
659 1449 837 1514 motuum
854 1449 1099 1539 quantitates,
1126 1456 1173 1518 ut

228 1567 278 1622 ve
293 1561 464 1626 ocrtates.

220 1678 296 1752 Sint
319 1687 348 1753 Α
376 1681 410 1753 &
425 1682 452 1753 B
466 1680 534 1754 duo
549 1679 681 1754 mobilia
695 1675 830 1774 aequales
845 1675 996 1750 habentia
1027 1674 1171 1749 materiae

174 1777 379 1871 quantitates,
402 1777 436 1850 δε
452 1797 621 1850 moveatur·
635 1777 665 1850 A
679 1773 841 1848 celeritate
858 1777 899 1866 C,
921 1773 946 1845 B
962 1795 1039 1844 vero
1055 1771 1169 1846 celeri-

174 1893 240 1943 tate
261 1897 299 1960 c;
323 1873 398 1947 dico
415 1894 616 1947 momentum
631 1872 686 1946 seu
697 1869 909 1968 quantitatem
923 1869 1033 1941 motlrs
1048 1869 1085 1940 in
1100 1893 1169 1940 mo·

174 1965 235 2038 bili
253 1968 293 2058 A,
316 1969 376 2040 elle
400 1969 438 2042 ad
457 1991 655 2043 momentum
682 1965 736 2040 seu
755 1964 969 2063 quantitatem
997 1965 1110 2036 motlrs
1135 1966 1170 2036 iu

61 2091 73 2140 r
172 2061 288 2137 mobili
304 2070 343 2161 B,
366 2061 402 2140 ut
431 2065 573 2142 celeritas
588 2071 618 2141 C
633 2065 674 2140 ad
691 2060 883 2136 celeritatem
901 2086 937 2134 c:
963 2059 987 2134 st
1006 2061 1094 2134 enim
1121 2062 1169 2130 vis

679 2158 788 2254 aliqua
807 2155 1026 2252 imprimenda
1042 2155 1081 2229 lit
1097 2178 1169 2227 cor·

679 2255 754 2350 pori
783 2257 837 2349 Α,
860 2254 901 2326 ad
928 2252 1011 2326 illud
1029 2275 1165 2358 mouen-

252 2411 255 2472 ,Ι
268 2359 286 2468 i
679 2351 757 2421 dum
784 2375 858 2422 cum
889 2348 964 2420 data
994 2349 1166 2454 velocitate

272 2487 319 2556 ἃ
680 2443 830 2542 C,dupla
844 2444 990 2518 habenda
1003 2443 1049 2517 est
1064 2469 1114 2516 vis
1126 2443 1165 2522 ad

318 2554 326 2562 “
676 2541 877 2614 movendum
901 2565 1021 2636 corpus
1043 2547 1069 2613 B
1093 2565 1163 2612 cum

675 2635 776 2733 dupla
797 2636 982 2727 velocitate,
1006 2636 1041 2709 δι
1068 2636 1164 2732 tripla

215 2728 437 2814 ’‘C-⁶
536 2729 630 2818 Τ
673 2731 923 2806 adhibendaest
939 2735 988 2806 vis
1015 2731 1054 2802 ad
1082 2732 1162 2803 illud

190 2911 197 2921 ,
425 2914 432 2926 q
461 2915 467 2926 ¹
666 2830 864 2902 movendum
879 2853 955 2901 cum
966 2825 1062 2925 tripla
1074 2827 1161 2907 velo·

168 2931 274 3006 citare,
297 2915 332 2986 ἃ
355 2915 487 2989 dimidia
504 2935 632 2992 tantum
662 2922 709 2995 vis
725 2925 896 2998 netellaria
909 2925 955 2998 est
970 2925 1011 2996 ad
1029 2949 1163 2997 moven-

167 3007 245 3120 tium
269 3010 380 3086 Bcum
401 3011 533 3098 dimidia
547 3015 730 3109 velocitate,
753 3020 787 3092 δι
807 3019 850 3093 fic
861 3021 902 3092 de
914 3021 1037 3092 caeteris
1053 3019 1158 3094 multi-

166 3103 305 3203 plicibus
320 3109 372 3182 vel
383 3105 831 3208 sub'multiplicibus3ie.'cum
841 3118 915 3212 (per
925 3116 1059 3189 axioma
1070 3139 1157 3213 quar-

167 3207 253 3299 tum)
266 3200 396 3280 effectu
418 3203 481 3278 sint
494 3207 593 3282 caulis
613 3211 676 3284 suis
699 3213 872 3308 adaequatis
887 3212 1159 3309 proportionales,
1205 3263 1207 3266 -

165 3295 190 3402 li
206 3305 265 3404 uis,
285 3325 356 3397 quat
371 3300 542 3376 adhibetur
557 3305 597 3377 ad
606 3330 723 3402 corpus
737 3313 762 3378 B
777 3309 993 3398 movendum,
1014 3307 1157 3404 litdopla

163 3391 255 3496 allius
267 3421 338 3492 quae
360 3398 540 3495 applicatur
553 3403 592 3472 ad
609 3403 640 3474 A
655 3405 865 3498 movendum,
888 3404 950 3478 erit
965 3430 1100 3502 quoquc
1123 3401 1159 3475 il·

163 3483 228 3558 lrus
243 3515 442 3568 momentum
462 3493 559 3592 hujus
575 3500 730 3572 momenti
754 3499 911 3598 duplum;
938 3501 962 3574 sr
983 3501 1081 3598 tripla
1102 3500 1157 3571 ha·
1210 3499 1211 3504 ’

163 3579 266 3688 berula
279 3587 323 3656 est
341 3592 399 3680 vis,
413 3593 473 3696 erit
483 3616 613 3689 quoque
623 3611 728 3668 motus
741 3597 886 3692 corporis
898 3599 925 3672 B
936 3598 1050 3691 mottls
1063 3590 1157 3696 iplrus

162 3683 192 3748 A
217 3679 354 3785 triplus3
378 3683 552 3760 srdrmidia
569 3711 695 3788 tantum
718 3693 766 3766 vis
790 3693 922 3790 corpori
945 3696 970 3766 Β
994 3695 1159 3790 imprima-

160 3795 230 3869 tur,
247 3798 308 3846 crit
325 3801 392 3873 ejus
407 3803 606 3858 momentum
622 3786 792 3872 dimidium
812 3789 969 3870 momenti
990 3789 1094 3888 ipsius
1112 3796 1157 3866 A:

1095 3886 1160 3964 hoc
