2476 4298
673 191 696 258 6
703 188 721 260 8

205 309 500 420 gentemvidelrit‚
520 309 560 384 &w
582 171 663 388 iuis
695 173 902 420 magnitudo,
923 308 983 408 qui
1007 307 1048 380 in
1076 308 1205 418 utrorit

203 406 808 594 lllll¹⁶dlll'l¹l{le‘llllltl'¹¹⁰⁰
823 429 941 574 llll?
959 404 1204 575 firleleviirquli]

202 599 276 671 dem
290 530 468 693 celeritaie,
481 623 545 699 qua
559 599 681 700 puppis
693 527 888 699 adlidimur
904 525 1043 705 aciemn.
1071 600 1106 705 Si
1123 557 1202 672 inim

201 694 271 774 duo
286 693 350 769 fint
362 721 503 796 corpora
518 704 548 771 Α
565 699 639 772 &B
656 717 822 800 utcunque
837 694 973 794 aequalia
1000 692 1057 766 vel
1071 719 1198 798 tnequaf
1212 694 1227 740 '-

695 791 751 881 lra3
777 791 889 894 eqdem
912 791 976 863 erit
993 791 1196 886 perculliouis

696 913 758 981 vis,
782 889 851 964 live
875 889 990 960 Bcum
1005 887 1083 960 data
1099 885 1195 973 celeri·

545 1002 549 1011 ’
697 1004 762 1058 tate
784 985 1008 1082 incorpusA
1037 981 1193 1080 quiescens

530 1080 542 1145 l
698 1078 870 1176 impingat,
894 1077 989 1152 velli
1008 1080 1152 1178 quiescat
1162 1085 1190 1172 B,

697 1179 731 1250 δι
748 1191 772 1244 Α
787 1175 896 1249 eadem
909 1173 1082 1252 eeleritate
1099 1177 1134 1247 in
1151 1177 1187 1272 ip·

697 1274 767 1345 sum
783 1273 890 1364 irruit,
915 1271 970 1344 vel
988 1271 1186 1368 linteumque
1235 1363 1236 1368 ἵ

695 1369 943 1465 corpusversus
971 1369 1110 1440 eandem
1132 1369 1184 1466 pla·
1225 1447 1228 1456 ,

199 1495 273 1574 gam
300 1486 496 1559 moveretur,
519 1465 555 1537 de
579 1466 774 1561 subsequens
798 1469 826 1536 Α
852 1462 990 1536 celerius
1018 1487 1137 1538 motum
1150 1464 1177 1535 in

199 1564 305 1660 ipsum
317 1565 343 1636 Β
353 1563 547 1660 impingeret
560 1587 569 1649 ;
592 1562 702 1636 eadem
718 1563 781 1656 erit
794 1563 960 1658 quantitas
974 1559 1071 1652 illus,
1085 1587 1120 1632 ac
1134 1557 1179 1630 stu

199 1659 337 1732 omnino
353 1659 530 1755 quiesceret
554 1658 589 1730 dc
607 1657 752 1732 Asoltrm
770 1657 872 1728 latum
892 1653 987 1747 effer,
1018 1655 1181 1729 differentia

197 1753 408 1846 eeleritatum,
425 1779 489 1852 qua
504 1752 570 1826 scil.
588 1752 687 1850 ipsrus
701 1754 845 1827 celeritas
859 1751 1055 1826 celeritatem
1081 1758 1180 1846 corposs
1209 1773 1211 1776 ·

197 1853 281 1924 risB
299 1851 486 1958 superabam
512 1848 566 1923 vel
582 1850 736 1949 denique,
759 1847 864 1936 fitam
883 1853 910 1919 Α
929 1873 1027 1943 quam
1044 1851 1070 1924 B
1090 1846 1181 1922 versus
1226 1851 1228 1855 ’

184 1951 376 2020 'contrarias
389 1969 494 2042 partes
510 1945 667 2041 ferantur,
681 1945 764 2020 illus
775 1946 966 2042 magnitudo
978 1947 1091 2016 eadem
1102 1943 1181 2036 l'oret,
1236 2029 1237 2034 ἵ

195 2069 234 2119 ac
252 2044 278 2116 fi
294 2069 397 2118 unum
419 2041 604 2141 quiesceret,
628 2042 813 2116 &alterum
833 2062 957 2113 motum
981 2040 1180 2114 elletcumca
1236 2059 1237 2062 ’

518 877 527 908 l

195 2139 374 2232 celeritate,
395 2165 466 2308 quat
483 2138 522 2210 fit
547 2139 675 2213 summa
693 2138 838 2235 priorum
856 2137 1073 2210 velocitatem
1095 2160 1182 2234 aequa·

196 2233 256 2306 lis:
281 2237 383 2308 verbo
423 2235 510 2306 icam.
540 2235 651 2307 eadem
661 2235 784 2340 semper
798 2254 949 2306 manente
966 2233 1195 2307 velocitatere·‘
1230 2311 1233 2318 ,

195 2329 297 2403 latina
321 2353 510 2424 corporum,
523 2353 588 2422 qua
604 2331 647 2403 ad
673 2330 866 2404 seinvicem
888 2330 1063 2422 accedunt,
1087 2330 1180 2404 eadem

194 2449 326 2522 quoque
350 2425 413 2496 erit
444 2423 654 2524 percullionis
684 2426 870 2524 quantitas,
894 2427 1181 2522 quomodocunque
1236 2473 1237 2522 3

194 2542 278 2591 verae
303 2518 489 2594 velocitates
508 2521 702 2616 partiantur,
726 2546 763 2594 ut
784 2524 818 2594 in
835 2522 1047 2618 sequentibus
1064 2523 1182 2596 demon·
1234 2539 1237 2576 ³

193 2614 365 2694 strabitur..
390 2615 443 2690 sed
461 2617 568 2690 rursus
582 2620 622 2692 ad
642 2643 758 2691 navem
773 2619 947 2690 redeamus.
1141 2693 1142 2696 ,

242 2714 276 2787 Si
290 2715 351 2808 vis,
373 2739 437 2811 qua
453 2711 535 2813 lapis
550 2720 570 2784 lt
606 2713 772 2812 rojiciente
786 2717 959 2808 emittitur,
975 2716 1091 2788 minor
1105 2713 1140 2786 lit
1150 2711 1181 2783 el
1236 2733 1237 2776 r

192 2833 262 2906 quae
277 2831 319 2881 ex
330 2808 423 2881 navis
436 2832 526 2886 motu
543 2741 658 2883 inlroc
671 2812 744 2884 casu
762 2812 931 2908 recipitur,
952 2809 1037 2910 lapis
1067 2811 1130 2908 ipl'c
1143 2832 1181 2879 re·
1235 2819 1237 2842 ¹

193 2927 269 2975 vera
284 2903 321 2976 in
336 2905 481 2998 eandem,
504 2929 568 3000 qua
583 2905 650 3003 ipsa
665 2905 770 3002 navis,
795 2906 921 3004 plagam
940 2930 1036 2980 motu
1057 2909 1124 2980 scil.
1137 2903 1178 2976 al
1236 2929 1237 2952 l

190 2997 301 3074 soluto
315 2998 498 3087 deferetur3
522 2999 587 3075 hoc
600 3001 659 3097 est,
674 3008 695 3075 a
711 3000 900 3100 spellatorq
913 3029 1011 3100 quem
1027 3027 1124 3076 extra
1138 3024 1181 3074 na·

190 3119 264 3172 uem
280 3097 315 3170 in
338 3121 411 3170 aete
427 3095 601 3171 haerentem
617 3098 794 3198 posuimus,
820 3099 929 3174 versus
946 3099 1112 3173 orientem
1125 3123 1179 3170 ruo
1236 3129 1237 3164 r

189 3195 261 3268 veri
273 3194 449 3288 videbitur,
461 3219 496 3266 ea
512 3194 686 3290 celeritate,
699 3221 763 3294 qua
777 3195 923 3270 celeritas
937 3197 1034 3268 navis
1049 3195 1182 3270 celerita-

188 3313 253 3365 tem
268 3315 377 3367 motus
390 3291 430 3364 ab
444 3291 636 3388 impellentis
652 3294 762 3364 dextra
778 3289 919 3388 impreffr
938 3293 1133 3392 superabam
1153 3309 1182 3361 at

188 3387 224 3459 in
240 3389 309 3489 ipl'a
322 3389 401 3462 navi
414 3386 602 3484 degentibus
612 3389 693 3485 lapis
708 3387 816 3460 versus
830 3388 979 3461 occasum
993 3388 1123 3462 moveri
1134 3411 1182 3486 ap
1229 3457 1231 3460 ,

187 3485 326 3578 parebit,
348 3485 460 3558 eadem
484 3482 615 3583 prorsus
629 3483 801 3575 celeritate,
829 3509 924 3580 quam
937 3490 972 3555 a
989 3481 1184 3582 projicientis

185 3601 287 3748 partu
310 3581 447 3674 aceepit,
470 3580 643 3678 quaetiam
670 3583 704 3654 in
735 3583 870 3679 puppim
885 3580 1071 3680 impingere
1102 3579 1184 3655 vide-

208 3695 285 3747 rtur.

100 3837 105 3847 .
200 3787 202 3790 ·
235 3767 338 3846 Sedfi
361 3772 485 3867 quirin
508 3773 615 3874 puppi
639 3770 749 3848 sedens
767 3772 906 3876 lapidem
932 3771 1044 3850 versus
1060 3794 1183 3879 proram

1020 3890 1180 3967 properat,
