2460 4298
617 191 643 303 l
670 221 718 294 50
742 193 765 302 l
1127 285 1136 303 ,ψ

194 333 327 406 maliuui
340 325 587 428 magnitudine
637 325 736 402 Unde
750 321 894 423 sequitur
903 323 1121 404 diversorum
1135 329 1193 404 aui·

193 427 327 502 malium
355 423 472 500 limilet
500 421 714 498 dimtnlioner
728 419 868 496 lineares
889 418 955 496 else
969 420 1010 496 in
1029 420 1192 526 subtripli·

190 541 263 596 etta
294 521 424 596 ratione
451 519 715 618 magnitudinum
742 515 959 611 animalium
981 515 1057 594 hoe
1084 521 1139 616 est,
1161 543 1193 598 ut

191 615 308 692 haruin
323 615 587 716 magnitudinum
598 615 720 690 radices
735 612 874 690 cubicae:
895 641 928 692 a.
937 639 977 711 g·
1001 615 1191 694 Corhuma·

191 735 273 786 num
305 713 353 788 est
368 713 407 788 ad
419 737 478 788 coi
489 709 677 787 animalculi
685 709 828 803 cuiusvis
862 733 921 811 per
939 709 1191 814 microscopium

192 807 252 882 vili
287 809 352 884 uti
379 809 447 886 suin
459 831 579 917 corpur
594 807 775 882 hummum
790 763 840 880 ad
850 830 976 906 corpus
985 808 1173 917 animalculi
1179 839 1188 904 ;

336 837 390 999 cli,
410 905 437 980 li
461 905 629 1002 utriusque
643 899 951 1000 cordasuntfigurae
977 903 1117 1002 ssmiles,
1134 929 1187 982 erit

189 865 334 1008 &titolo

190 1007 356 1077 Dianietcr
372 1001 470 1078 unius
481 1002 523 1076 ad
537 999 670 1075 alterius
690 999 895 1093 diametrum,
918 1017 962 1074 ut
977 1001 1083 1078 radix
1090 1001 1185 1079 cubici

188 1096 425 1195 magnitudinis
447 1095 547 1172 unius
560 1096 603 1170 ad
631 1094 772 1170 radicem
796 1093 946 1170 cubicam
975 1095 1118 1174 alterius
1131 1125 1184 1176 mt-

187 1193 379 1298 gnitudinia.
403 1192 565 1268 Sicetiam
578 1189 843 1300 vasasanguifcra
855 1191 995 1268 minima
1013 1194 1183 1272 inhomine

188 1293 266 1362 lunt
289 1289 330 1363 ad
345 1291 420 1365 vasa
440 1287 555 1364 fimilia
579 1287 713 1363 minima
726 1311 763 1362 iri
778 1287 993 1385 animalculu,
1018 1314 1060 1366 ut
1075 1295 1181 1392 magni·

187 1385 270 1459 tudo
298 1384 442 1458 hominis
468 1383 510 1457 ad
533 1380 722 1458 animalculi
749 1382 1018 1480 magnitudinem
1035 1415 1052 1482 ;w
1069 1390 1181 1466 &Dia-

186 1503 287 1554 metet
301 1480 382 1552 valis
397 1479 525 1554 minimi
548 1480 583 1553 iri
607 1501 744 1580 corpore
769 1479 917 1560 hnmano
932 1481 1001 1558 erit
1017 1484 1063 1558 ad
1078 1487 1179 1560 diame-

186 1597 274 1650 trum
305 1573 385 1647 ralis
400 1574 728 1676 minimiincorpore
743 1575 947 1672 animalculi,
972 1601 1013 1654 ut
1038 1581 1179 1657 radixcu·

184 1669 257 1744 bica
280 1670 519 1768 magnitudinis
533 1670 734 1748 humanaearl
748 1671 887 1748 iadicem
899 1675 1054 1752 cubicam
1069 1677 1177 1777 magui·

183 1763 307 1840 tudinis
328 1766 525 1844 animalculi·
630 1779 632 1784 ’

231 1901 394 1975 Ponamus
401 1899 469 1999 jain
485 1898 629 1974 hominia
643 1896 815 1974 mediocris
833 1897 1101 1997 magnitudinem
1127 1897 1176 1974 effi

182 1993 282 2068 trium
295 1997 416 2098 pedum
431 1997 633 2090 cubicorum,
656 1995 710 2070 seu
726 1995 905 2102 digitorum
919 2001 1031 2094 5184,
1045 1998 1176 2096 utigitur

182 2093 376 2190 magnitudo
391 2091 717 2168 hominismediocria
747 2092 801 2164 leu
828 2089 926 2189 digiti
955 2095 1070 2169 cubici
1094 2096 1176 2187 5184

181 2189 222 2259 ad
246 2191 505 2288 magnitudinem
517 2187 704 2263 animalculi
721 2187 868 2288 superius
890 2187 1062 2285 traditam,
1081 2213 1175 2288 acqua·

180 2330 244 2404 lein
257 2356 374 2432 nempe
386 2333 482 2432 digiti
491 2331 598 2412 cubici
609 2331 754 2433 partibus
765 2367 912 2452 Ego-00
919 2301 1051 2456 xm
1060 2389 1127 2457 ooo'
1139 2333 1173 2407 ita

179 2472 254 2546 vasa
268 2474 401 2549 minima
424 2475 613 2578 incorpore
630 2476 774 2550 humano
798 2479 840 2549 ad
853 2477 973 2552 limilia
1003 2481 1080 2554 vasa
1092 2475 1174 2553 mini·

146 2613 231 2686 xiiia
257 2587 295 2665 in
319 2590 601 2681 animalcu103&
631 2616 667 2667 ut
697 2591 788 2665 radix
801 2589 914 2666 cubica
944 2581 1172 2693 magnitudinis

177 2685 339 2785 humanat,
362 2689 418 2765 seu
430 2689 569 2765 utradix
581 2689 694 2762 cubica
712 2685 845 2761 'numeri
858 2711 898 2782 51
913 2691 963 2785 84
976 2695 1021 2764 ad
1045 2693 1172 2765 radicem

178 2781 325 2859 cubicum
340 2784 574 2882 magnitudinis
586 2783 785 2878 animalculi,
806 2781 861 2857 seu
879 2785 1171 2862 adradicemcubi·

525 2897 562 2952 27

175 2947 246 3000 cam
257 2927 756 3055 uumeriffimm,
777 2925 910 3025 honest,
922 2932 1169 3032 quamproxime
1228 3002 1230 3033 ὲ

1225 3074 1229 3103 l

174 3140 213 3196 ut
240 3147 284 3218 17.
298 3119 338 3195 ad
350 3090 472 3244 {oilie—0
482 3177 493 3216 ,
505 3123 553 3216 ¹ita
566 3123 722 3200 diameter
738 3121 819 3198 valia
833 3122 964 3198 minimi
979 3122 1023 3200 in
1039 3147 1164 3230 corpote
1224 3172 1230 3199 .,

172 3270 319 3344 humano
342 3269 383 3342 ad
408 3269 598 3344 diametrum
629 3265 711 3341 vafis
726 3265 869 3342 minimi.
885 3267 922 3342 iti
948 3268 1167 3360 animalcula,
1223 3267 1229 3295 ⁸

172 3389 305 3460 Verum¹
321 3386 370 3462 cl.
389 3375 637 3464 Letaenhaoki'tis
667 3383 850 3460 istiusmodi
878 3385 955 3461 vasa
971 3388 1010 3462 in
1039 3411 1166 3491 corpore

172 3480 318 3554 humano
346 3483 469 3556 detexit
494 3505 559 3580 ope
580 3478 800 3581 microscopii,
823 3504 860 3564 ut
874 3485 982 3584 posita
1013 3487 1166 3560 diametro

172 3578 269 3650 unius
283 3577 423 3650 arenulae
447 3587 476 3676 {a
497 3575 606 3676 digiti,
628 3577 696 3650 hacc
710 3580 893 3652 contineret
924 3593 1023 3674 2640
1056 3582 1166 3656 diame·
1221 3650 1230 3677 ,

171 3694 237 3746 tros
260 3671 375 3744 talium
393 3673 608 3766 vaictilurum,
622 3696 692 3768 quae
707 3673 743 3752 iii
760 3673 907 3750 humano
920 3701 1067 3778 corpore
1093 3700 1165 3753 con·

169 3767 294 3866 sperum
317 3768 464 3864 adeoque
489 3763 550 3846 crit
564 3769 718 3845 diameter
734 3771 1039 3874 uniusliujusmodi
1060 3775 1164 3948 gastu-
1222 3845 1230 3875 ,

1075 3891 1163 3948 orium
