2460 4298
488 198 588 312 [39
610 197 637 316 1]
971 293 973 296 ,

53 333 190 413 infinite
215 333 344 432 major;
369 329 532 429 quantitas
562 329 652 402 enim
680 325 784 400 altera
798 327 930 404 infinite
957 333 1061 432 major

56 433 116 528 est,
140 457 210 530 quae
239 428 453 528 quantumvis
473 424 637 506 diminuta
656 423 790 507 alteram
816 425 910 502 illam
936 427 1064 529 semper

54 529 91 604 su
136 550 196 602 rat.
319 551 320 554 ’
559 541 563 554 ’
635 558 637 564 ’
824 573 825 576 =

93 555 229 698 pfidhuc
256 617 297 694 ad
321 619 456 695 eandem
484 643 588 713 axem,
609 617 829 715 &verticem,·
845 617 982 694 describi
1008 621 1061 696 in-

7 737 17 792 s
56 721 228 819 telligatur
249 718 312 791 alia
328 743 432 808 curua
460 715 646 824 parabolica
671 717 756 810 AG,
775 717 868 814 cujus
881 718 1060 792 ordinatim

56 817 221 914 applicata
240 817 372 911 quaevis
395 815 516 900 crescat
539 812 666 910 semper
694 811 730 884 in
752 812 1061 913 subqtradruplicata

1 968 3 1008 ;
56 915 189 987 ratione
214 911 423 1007 interceptae,
446 909 843 1006 erit'anguluscontasbus
872 907 982 1004 FAG
1006 936 1062 984 an·

1 1064 3 1107 ;
58 1007 142 1108 gulo
170 1009 288 1081 FAD
317 1006 450 1081 infinite
479 1005 613 1095 minor,
636 1005 726 1098 quod
756 1004 932 1079 ratiocinio
958 1007 1063 1104 priori

58 1103 151 1179 haud
173 1101 318 1176 difiimili
340 1101 559 1190 demonstrare
585 1099 680 1196 facile
704 1098 760 1172 est.
809 1102 945 1186 Eodem
962 1103 1063 1178 modo

9 1234 16 1256 s
59 1204 102 1274 ad
133 1199 271 1274 eundem
282 1200 422 1279 axem&
440 1197 611 1290 verticem,
628 1195 734 1291 potest
747 1193 816 1268 alia‘
837 1197 973 1272 describi
988 1223 1063 1274 cur·

61 1321 104 1368 va
126 1295 310 1395 parabolica
325 1301 354 1368 A
367 1297 414 1389 H,
438 1289 722 1392 cujus'ordinatim
732 1289 898 1388 applicatae
911 1293 1062 1372 crescunt

58 1393 98 1466 in
121 1390 424 1489 subquintupl'icata
452 1391 582 1464 ratione
596 1387 859 1557 interceptarum,
880 1387 918 1464 in
945 1389 1064 1486 quafit

57 1487 197 1586 angulus
227 1487 399 1562 contaslus
426 1483 543 1562 ΒΑΗ
568 1483 692 1582 angulo
747 1488 820 1558 AG
841 1482 974 1561 infinite
1003 1487 1064 1562 nri·

57 1609 147 1678 nor,
170 1605 201 1658 at
227 1610 267 1658 ue
300 1583 345 1658 fic
376 1583 532 1680 progredi
547 1581 656 1656 licebit
683 1580 720 1654 in
734 1579 914 1678 infinitum,
937 1583 1063 1681 semper

57 1609 258 1778 assignando
273 1677 352 1754 alias
383 1701 416 1753 at
442 1703 482 1754 ue
499 1678 578 1752 alias
601 1677 722 1774 figuras
756 1678 963 1774 parabolicas,
984 1704 1064 1778 qua·

57 1801 133 1850 rum
162 1775 278 1873 anguli
309 1707 480 1852 contaslus
508 1771 719 1848 infiniretse
740 1770 1063 1872 invicemdifferant,

58 1871 129 1950 scil.
144 1871 209 1944 erit
232 1871 373 1968 angulus
398 1873 508 1946 Fnc
535 1868 666 1944 infinite
675 1867 925 1968 minodangulo
941 1872 1063 1970 quovis

60 1965 262 2062 redilineo,
285 1969 320 2038 dt
345 1967 484 2062 angulus
511 1969 623 2042 FAD
648 1964 779 2040 infinite
802 1971 918 2041 minor'¹
936 1967 1062 2068 angulo

59 2064 90 2139 F
101 2067 130 2135 A
141 2064 183 2158 C,
206 2060 393 2158 &angulus
404 2063 510 2138 FAG
523 2061 654 2138 infinite
663 2061 771 2136 minor
783 2060 909 2160 angulo
924 2065 951 2136 F
964 2066 1061 2138 AH:

57 2179 161 2266 atque
190 2157 233 2232 fic
258 2157 431 2231 habebitur
445 2157 538 2235 series
562 2155 761 2258 angulorum
790 2157 1001 2232 contaduum
1023 2158 1062 2233 in
1113 2167 1117 2174 '

48 2255 227 2346 ,infinitum
256 2255 474 2352 pergentium,
497 2282 638 2356 quorum
663 2253 802 2356 quilibet
833 2255 994 2358 posterior
1013 2253 1062 2328 est
1125 2327 1130 2336 ,

58 2349 193 2425 infinite
222 2353 332 2426 minor
364 2353 497 2452 priore,
521 2357 588 2428 imo
604 2355 690 2427 inter
720 2352 802 2427 diros
819 2352 982 2452 quossibet
1005 2377 1063 2428 an·

59 2446 169 2545 gulos,
191 2445 249 2520 alii
264 2449 412 2522 interseri
428 2449 560 2544 possunt
592 2449 707 2548 anguli
721 2451 901 2546 innumeri,
923 2449 981 2550 qui
997 2442 1062 2524 sese

58 2542 191 2618 infinite
219 2543 383 2638 superant.
423 2544 486 2616 Sed
510 2545 644 2620 &inter
660 2545 742 2619 duos
757 2545 891 2642 quosvis
917 2571 958 2622 ex
973 2545 1063 2620 hisce

57 2639 199 2736 angulis,
222 2637 327 2746 potest
351 2637 447 2712 series
468 2638 505 2710 in
516 2637 686 2712 infinitum
708 2664 843 2737 pergens
864 2642 1064 2740 angulorum

56 2735 329 2812 intermedrorum
358 2733 533 2830 interseri,
556 2760 699 2834 quorum
729 2733 871 2836 quilibet
901 2735 1063 2836 posterior

55 2832 120 2905 erit
134 2831 265 2905 infinite
294 2832 405 2905 minor
417 2831 538 2998 priore.
564 2829 759 2930 quinetiam
774 2830 981 2934 possrrntesse
1003 2856 1061 2908 an·

57 2923 133 3023 guli
149 2927 314 3002 innumeri
327 2953 414 3024 ango
431 2955 452 3000 o
467 2931 636 3004 conradus
649 2929 802 3014 circulari
810 2929 943 3006 infinite
960 2929 1062 3026 majo·

58 3043 124 3114 res,
147 3023 206 3116 qui
221 3041 329 3110 tamen
354 3034 454 3116 erunt
468 3025 591 3120 angulo
607 3027 787 3102 redbilineo
806 3025 941 3100 infinite
954 3025 1063 3098 mino·

7 3167 9 3170 -
59 3137 130 3192 rest
155 3137 251 3213 atque
268 3115 312 3188 fic
326 3113 515 3213 proceditur
526 3122 566 3200 in
579 3119 754 3196 infinitum.
779 3148 882 3224 neque
904 3121 1063 3197 novena.

58 3231 138 3290 tura
151 3210 301 3286 limitem.

18 3367 20 3370 -
106 3311 188 3384 Haec
202 3306 337 3383 adhibui
352 3295 548 3407 exemplaqut
565 3306 701 3383 videant
718 3307 909 3404 adversarii,
921 3309 1061 3390 immane

30 3487 34 3494 ,
57 3425 219 3506 quantum
233 3403 538 3487 discedunteveris
551 3427 658 3486 rerum
674 3407 801 3487 naturis
824 3427 937 3483 eorum
957 3407 998 3483 de
1010 3433 1061 3505 ref

59 3503 119 3581 bus
140 3500 217 3601 ipfis
234 3499 475 3607 speculationes·
491 3601 494 3610 ι
865 3521 886 3530 ·’
1063 3517 1064 3522 ‘

665 3751 666 3758 a
712 3791 715 3798 ,
813 3643 1060 3783 tucrro
