2460 4298
537 182 766 324 ‘rur

195 356 288 432 linita
309 355 435 451 jugera,
459 348 565 448 plures
579 349 706 445 perticat
718 345 890 445 quadrata,
915 343 1186 445 &multoplures

195 453 291 549 pedes
302 447 449 548 quadrati
465 444 607 540 ;rursus,
631 443 656 516 li
672 446 757 518 intra
770 444 827 516 has
837 441 938 514 lineas
958 443 1107 517 ducatur
1120 446 1186 526 ruli

195 545 311 621 utrivis
334 569 443 619 earum
467 538 642 640 parallela,
673 540 800 613 dividet
821 538 888 611 haec
915 537 1010 612 linea
1056 543 1185 637 priorem

193 667 299 716 aream
313 640 439 716 induas
467 663 553 711 areas
575 639 671 709 etiarn
688 635 857 725 infimitas,
881 659 953 731 quae
984 636 1095 732 igitur
1111 637 1187 712 simul

194 739 326 836 sumptae
354 734 456 836 priori
472 733 606 807 infinito
617 734 656 806 ad
708 753 836 805 uantur·
872 754 941 802 nort
957 730 1071 829 igitur
1081 757 1187 807 natura

192 835 363 909 inlinirire
389 854 499 930 ugnat,
526 830 606 904 rllud
635 758 722 924 poaelle
746 829 787 901 ab
817 824 883 898 alio
912 825 1058 900 inlinito
1079 831 1187 926 excedi,

192 955 252 1029 per
277 859 601 1025 aliudpntultiplicari‚
624 926 659 997 ἃ
676 925 710 997 im
726 924 788 996 alia
804 922 984 996 etiamnum
1003 923 1142 999 infinita
1150 929 1186 1000 di·

192 1027 287 1121 vidi3
309 1027 399 1122 haec,
423 1027 568 1121 inquam,
592 1018 810 1094 nullomodo
841 1042 1059 1115 repugnant,
1084 1024 1137 1096 sed
1156 1046 1187 1096 ex

191 1122 290 1222 ipsius
319 1123 364 1195 rei
388 1142 503 1193 natura
520 1117 675 1191 facillime
702 1115 901 1219 sequuntur3
925 1140 995 1188 uno
1021 1119 1187 1212 nemoell,

190 1219 249 1315 qui
265 1215 474 1292 infinitums
508 1214 589 1288 tium
612 1212 774 1303 concedit,
797 1210 989 1308 qurnlimul
1020 1217 1185 1312 agnoscere

189 1337 326 1412 cogatur
354 1313 444 1387 illius
476 1311 554 1408 parii
575 1313 611 1392 in
629 1308 843 1380 alia-infinita
861 1306 1137 1414 dirilibilitatem.

240 1409 340 1483 Aliud
359 1429 478 1506 petunt
505 1427 732 1502 argumentum
760 1427 874 1476 contra
900 1403 1075 1480 infinitam
1102 1429 1184 1480 mate·

188 1505 245 1578 riae
273 1502 526 1576 divilibilirarem
558 1525 599 1574 ex
628 1501 867 1601 omnipotentia
889 1499 1017 1573 diuina.
1074 1505 1184 1578 Dicunt
1209 1516 1214 1535 ‘

188 1602 277 1672 enim
294 1601 399 1671 Deum
411 1594 501 1695 poll'e
517 1596 713 1671 continuum
735 1597 875 1693 quodvis
888 1596 923 1666 in
939 1621 1053 1696 partes
1067 1600 1183 1674 suasin-

188 1694 373 1768 finitefimas
400 1694 586 1788 relolvere,
607 1714 703 1792 atque
730 1691 943 1792 parteshasce
977 1699 997 1766 a
1038 1695 1073 1770 se
1107 1697 1182 1769 invi·

185 1818 256 1866 cem
272 1793 435 1888 leparare3
460 1789 512 1862 sed
538 1789 562 1861 si
590 1789 655 1861 hoc
674 1789 745 1883 fiat,
758 1789 889 1880 daretur
904 1811 975 1885 pars
1002 1790 1134 1885 ultima,
1154 1791 1181 1890 dr

186 1887 390 1961 divifibilitas
408 1886 698 1959 continuitandem
712 1886 951 1974 exhauriretur,
973 1909 1061 1983 ergo
1089 1887 1182 1962 conti·
1228 1964 1229 1967 ,

185 1982 603 2057 nuumnonininlinitum
626 1982 796 2056 sentient
847 1981 1180 2082 Respondeoprocul·
1228 1994 1229 2002 ’

185 2081 288 2154 dubio
311 2085 418 2156 Deum
440 2078 526 2178 polle
539 2080 750 2176 quicquidtst
764 2077 923 2175 polsrbile,
945 2101 1005 2151 aut
1020 2082 1115 2178 quod
1129 2081 1180 2154 im·
1228 2119 1229 2144 r

184 2177 335 2258 mutabili
352 2177 450 2272 ipsius
478 2199 600 2248 natura
617 2200 688 2247 non
713 2197 897 2270 repugnat3
922 2196 955 2246 at
981 2200 1064 2248 cum
1085 2177 1181 2250 halle·

184 2296 247 2344 nus
271 2271 560 2344 demonstravimus
573 2269 696 2342 nullam
718 2272 787 2342 dari
804 2269 892 2367 polle
918 2274 1068 2345 materiae
1093 2272 1179 2372 parti

98 2407 100 2412 f
183 2365 291 2441 culam
322 2388 489 2461 utcunque
519 2389 662 2462 parvam,
686 2389 843 2463 quaenon
872 2362 990 2438 iterum
1015 2368 1180 2468 secaripo

182 2462 244 2532 test
268 2459 451 2534 ininlinitas
479 2457 557 2534 alias
588 2461 685 2534 etiarn
714 2461 910 2558 particulas,
934 2461 1044 2558 liquet
1071 2466 1178 2539 exinde
1226 2493 1227 2496 ¹

182 2559 291 2632 Deum
320 2582 389 2630 non
418 2555 507 2666 polle
522 2558 570 2631 ita
584 2555 687 2632 secare
699 2558 877 2652 materiam,
900 2580 937 2629 ut
961 2560 1102 2635 daretur
1115 2585 1177 2660 pars

182 2654 298 2728 ultima
322 2653 536 2729 iudivrlibilis.
561 2655 584 2726 sr
611 2657 698 2726 enirn
714 2654 830 2728 adhoc
854 2658 885 2728 le
908 2657 1104 2732 extenderet
1128 2685 1176 2756 po

181 2753 284 2823 tentia
312 2751 447 2841 Divina,
471 2749 666 2847 pollrtDeus
690 2750 816 2848 aliquid
835 2753 923 2847 quod
946 2755 1177 2829 contradidlr'o·

180 2868 255 2915 nem
285 2845 497 2941 involureet,
529 2843 582 2917 vel
595 2845 685 2942 quod
701 2846 895 2921 immutabili
916 2847 1027 2944 iplius
1043 2850 1175 2925 elsentiae

175 2962 386 3050 repugnaret.
409 2942 471 3014 Sed
487 2941 621 3013 ulterius
631 2965 760 3039 urgent,
782 2944 807 3019 fi
863 2944 1004 3017 uantitas
1021 2949 1131 3022 omnis
1144 2946 1175 3021 fit

178 3035 349 3110 divilrbilis
374 3037 411 3109 in
431 3035 611 3130 inlinitum,
631 3039 667 3111 ἃ
689 3063 792 3148 partes
814 2969 886 3113 adlu
916 3038 981 3113 fine
1002 3041 1043 3115 in
1079 3041 1175 3118 conti

177 3159 259 3232 nuo,
282 3134 410 3207 dabitur
439 3133 512 3207 auu
544 3158 616 3233 pars
644 3135 775 3209 inluniae
799 3161 911 3233 parva,
935 3138 1017 3211 adeo
1046 3142 1175 3216 rrculte·

124 3218 137 3244 Κ
177 3233 242 3304 rius
273 3256 340 3306 non
355 3230 534 3305 divisibilis.
584 3232 806 3328 Responde03
831 3234 1001 3329 primopo
1035 3258 1174 3310 umcum

178 3328 350 3402 Aristotele
371 3350 488 3425 negare
510 3327 570 3401 elle
587 3350 689 3423 partes
708 3330 782 3402 adlu
804 3327 1027 3425 incontinuo,
1052 3334 1090 3407 ἃ
1105 3331 1174 3406 inde

175 3444 462 3503 corruereteorum
472 3444 697 3523 argumentum
712 3426 802 3522 quod
813 3447 850 3499 ut
863 3425 1173 3504 demonstrationem

175 3515 331 3590 invidiam
362 3541 530 3626 tantopere
557 3519 740 3620 praedicant.
767 3523 834 3596 ado·
860 3523 1089 3600 Concedamus
1114 3520 1173 3599 illis

174 3634 279 3707 partes
291 3612 352 3684 elle
364 3614 436 3686 astu
451 3641 486 3689 rn
502 3617 677 3709 continuo,
697 3618 910 3692 concedamus
933 3618 996 3693 elle
1007 3638 1114 3719 partes
1125 3621 1172 3694 in·

172 3706 269 3779 finite
292 3732 405 3802 paruas
428 3711 462 3783 dr
492 3711 715 3805 indiuilibiles,
736 3715 947 3788 concedamus
968 3717 1116 3818 denique
1129 3739 1170 3790 ar·

171 3824 377 3903 gumentum,
399 3804 484 3882 nihil
512 3829 618 3883 tamen
632 3809 751 3889 exinde
776 3809 917 3887 infertur
937 3836 1058 3890 contra
1073 3835 1168 3917 quan-

184 3926 188 3935 '
250 3929 252 3935 ’
600 3955 602 3959 -
1074 3928 1180 3985 utatis.
