2476 4298
65 297 240 402 projiciat,
254 311 351 370 vetus
366 294 401 370 ἃ
415 293 580 372 sbsolutus
594 298 682 384 illius
690 293 869 370 motuserit
884 295 993 386 versate
1004 319 1079 394 pto·
1099 361 1102 371 ,
1171 331 1173 338 v

36 484 39 490 Ι
79 421 147 467 ram
156 395 212 468 seu
225 389 654 487 orientemstsspeuatore
663 389 777 466 nostro
787 414 877 474 extra
889 416 1004 464 navem
1018 418 1079 490 po·

75 491 137 584 sito
150 514 188 561 ea
203 488 371 562 celeritate
384 487 460 562 sciri
476 487 706 586 conspicietur,
717 513 787 586 quae
799 488 929 586 aequalis
942 487 981 560 fit
991 488 1076 562 sum-

40 669 44 684 ,
73 611 133 658 mae
146 585 289 660 duarum
304 584 517 678 celeritatum,
538 585 625 658 illius
641 585 706 658 scu.
727 609 824 683 quam
849 593 868 656 s
885 584 1077 682 projiciente

20 711 33 744 s
72 681 214 777 accepit,
236 680 272 754 ἃ
288 680 376 756 illius
402 703 474 780 quae
489 705 547 780 pet
566 702 692 758 motum
707 683 803 758 nauis
817 680 877 779 ipss
893 679 1077 754 communi·

72 779 247 852 cabrtur„
626 829 627 832 η

81 871 91 956 ’,
123 875 204 946 Haec
218 872 366 947 omuiab
393 870 520 968 pothcli
536 893 627 948 terrae
639 891 746 946 motus
762 871 894 971 possunt
908 867 1077 970 applicari.

72 967 110 1044 Si
123 969 212 1041 enim
229 991 312 1044 terra
327 898 533 1044 sobmmodo
555 968 641 1044 circa
654 993 747 1044 axem
775 971 867 1046 suum
884 966 1076 1042 revolvatur
1135 1033 1143 1040 ,Ν

72 1063 117 1136 ab
135 1064 426 1161 occidenteuetsus
436 1067 611 1156 orientem,
622 1066 658 1140 ἃ
671 1067 752 1162 lapis
765 1065 819 1140 vel
833 1057 952 1164 globus
976 1066 1076 1134 etor-

73 1183 187 1264 mento
203 1161 392 1259 projiciatur
403 1161 442 1260 ad
458 1162 658 1235 occidentem
674 1189 710 1237 ea
725 1162 902 1254 celeritate,
912 1184 978 1257 qua
988 1181 1075 1232 terra

73 1258 158 1329 circa
171 1281 263 1331 axem
277 1257 438 1350 scrutur,
454 1257 604 1354 impetus,
618 1282 712 1354 quem
722 1258 840 1356 globus
853 1281 893 1330 ex
907 1275 1074 1330 tormento

72 1353 199 1450 recipit,
222 1356 424 1428 contrarium
451 1354 621 1452 impetum,
669 1355 761 1433 uiex
785 1377 870 1428 tetra
885 1351 935 1426 illi
960 1350 1074 1447 impri·
1162 1373 1165 1380 ’

69 1451 230 1546 mebatur,
250 1449 412 1541 destruet3
435 1449 582 1549 adeoque
594 1450 635 1542 iu
645 1379 754 1549 lpatio
766 1448 916 1526 absoluto
931 1449 1073 1546 quiesce·

68 1566 122 1617 ret
136 1545 266 1642 globus,
281 1545 413 1622 wsecluso
443 1569 536 1626 motu
551 1572 594 1621 ex
606 1550 766 1644 gravitate
781 1565 879 1636 otto;
903 1541 1073 1618 nihilomi-

54 1664 132 1740 nus
147 1643 204 1738 qni
215 1645 253 1716 in
268 1665 360 1718 terrae
369 1641 542 1740 superficie
555 1643 680 1742 degunt
695 1645 730 1718 δι
745 1665 899 1718 unacum
912 1666 949 1716 ea
963 1636 1072 1714 revol-

67 1758 178 1828 vunt,
201 1737 344 1849 lapidem
372 1739 425 1812 vel
450 1735 586 1905 globum
611 1743 722 1816 versus
751 1737 899 1816 occasum
920 1733 1069 1812 celeriter

67 1825 149 1905 serti
167 1833 380 1932 conspicient,
402 1833 436 1906 δι
465 1859 603 1914 tmutus
628 1836 746 1934 aliquis
759 1835 826 1936 ejus
843 1833 946 1908 motui
970 1853 1069 1930 appa-

68 1929 158 2000 renti
179 1927 364 2027 objiciatur,
387 1929 496 2004 eadem
524 1933 560 2003 ui
575 1931 710 2032 globum
739 1957 868 2006 mutum
898 1927 1069 2003 ferientem

22 2109 25 2112 Ι
70 2021 243 2121 videbunt,
266 2049 303 2098 ac
319 2023 344 2096 st
359 2049 471 2098 mutus
486 2049 598 2133 reuera
608 2025 790 2128 quiesceret,
813 2026 975 2126 &globus
988 2047 1069 2097 con·

67 2138 118 2191 tra
130 2119 223 2194 illum
238 2146 275 2195 ea
301 2119 465 2196 celeritate
483 2123 687 2221 impingeret,
711 2150 806 2224 quam
824 2149 861 2197 m
879 2147 922 2198 eo
936 2119 1011 2194 cssu
1026 2119 1067 2192 ab

64 2215 259 2313 explolione
284 2220 461 2316 reciperet;
485 2243 560 2294 nam
583 2222 704 2312 eadem,
725 2244 762 2296 us
775 2221 900 2297 dictum
923 2217 983 2311 cll,
1005 2215 1069 2292 etit

8 2311 16 2320 ’
65 2311 150 2418 isius
165 2315 339 2411 quantitas,
362 2312 432 2389 live
455 2314 575 2413 globus
589 2343 663 2392 cum
677 2320 888 2396 determinata
901 2312 1065 2390 celeritate

63 2431 100 2480 ru
118 2433 246 2508 murum
259 2412 476 2510 quiescentem
489 2415 701 2514 projiciatur,
725 2415 792 2489 sure
807 2438 919 2490 murus
933 2413 969 2486 in
992 2407 1066 2506 glo·

8 2535 10 2540 ·
63 2503 143 2578 bum
159 2506 376 2605 quiescentem
390 2509 500 2583 eadem
516 2512 681 2586 celeritate
696 2518 810 2586 irruat.

95 2665 96 2670 ,
113 2601 149 2676 Si
163 2604 273 2678 minor
292 2603 335 2680 fit
351 2602 410 2696 vis,
433 2630 506 2706 quae
521 2608 557 2680 in
578 2606 716 2706 globum
735 2631 791 2705 per
806 2604 987 2680 bombarde
1007 2626 1063 2676 ex·

62 2693 244 2796 plolionem
271 2698 481 2799 imprimitur,
505 2703 544 2777 eb
597 2729 643 2778 uae
671 2729 729 2801 per
749 2704 904 2777 diurnum
936 2719 1063 2770 motum

24 2861 27 2864 ,
62 2816 164 2900 tetrae=
183 2797 234 2869 illi
259 2799 533 2895 communicatur,
573 2730 806 2875 lobus'reveta
830 2793 938 2872 versus
953 2791 1063 2868 orien-

57 2910 127 2960 tem
143 2890 273 2986 leretut,
297 2917 329 2967 at
342 2898 419 2992 quia
432 2897 501 2992 ejus
516 2823 670 2972 uelocitas
683 2897 792 2970 minor
804 2894 851 2970 cst
864 2915 986 2990 ea,qua
1000 2912 1062 2962 nos

61 2983 174 3057 versus
189 2989 348 3060 orientem
371 2991 587 3087 revolvimur,
609 2995 726 3090 globus
751 2999 770 3068 b
798 2991 948 3070 uobisad
975 2986 1061 3064 occi·

60 3080 191 3154 dentem
215 3083 349 3156 tendere
363 3081 592 3178 conspicium
622 3091 657 3162 &
672 3091 873 3168 obstaculum
887 3083 1060 3184 quodcun-

59 3199 128 3275 que
140 3177 209 3275 ejus
229 3179 335 3252 motui
346 3179 518 3278 apparenti
534 3183 719 3277 oppositum
742 3211 780 3258 ea
798 3187 831 3259 vi
849 3185 947 3258 ferite
970 3176 1060 3249 vide·

59 3274 161 3370 bitur,-
184 3273 260 3350 acfi
276 3301 388 3351 revera
410 3275 610 3354 obstaculum
631 3279 668 3354 in
694 3281 809 3358 eodem
832 3279 938 3378 spatio
967 3269 1060 3346 abso-

57 3371 132 3446 luto
150 3369 381 3472 permanfilset,
402 3376 436 3448 δι
458 3372 576 3474 globus
602 3377 639 3450 in
664 3375 770 3480 ipsum
790 3401 826 3450 ea
847 3374 894 3470 ui,
924 3377 1057 3470 quamb

57 3467 233 3562 bombatda
250 3470 384 3568 accepit,
399 3471 588 3570 impegisset..
635 3476 667 3548 Si
685 3474 838 3581 deinceps
853 3469 970 3574 globus
984 3491 1057 3542 ver·

57 3565 110 3638 sus
124 3566 282 3641 orientem
297 3567 505 3665 explodatur,
528 3591 636 3644 motus
660 3571 730 3672 ejus
750 3567 917 3646 ablolurus
932 3565 994 3642 erit
1018 3569 1056 3641 in

56 3661 229 3760 orientem,
253 3665 287 3740 δι
304 3665 373 3835 epus
386 3665 540 3742 velocitas
555 3665 592 3740 in
608 3689 736 3744 tautum
752 3667 787 3742 su
833 3667 916 3742 rabit
932 3665 1054 3743 veloci·

56 3773 154 3832 tatem
163 3812 175 3853 ,
198 3785 263 3859 qua
280 3764 347 3859 ipa
365 3763 459 3844 tellus
475 3761 589 3860 sertus,
612 3789 733 3864 quanta
751 3693 848 3858 §liga
865 3789 936 3865 quse
950 3761 1053 3862 globo

998 3875 1056 3950 pet
1173 3855 1175 3860 ⁴
