2476 4298
488 137 736 262 [tal

65 317 136 369 rem
163 291 303 392 ejusdem
327 291 496 388 gravitatis
510 293 725 391 perveniunt,
749 291 804 365 ubi
821 295 968 386 relative
996 309 1066 396 qul·
1170 299 1180 322 ³

64 391 189 484 escunt,
220 391 254 490 dr
285 391 389 462 nubes
417 413 489 487 quae
518 388 606 463 mille
636 385 756 485 figuras
785 389 955 466 imitantur
978 419 1066 468 com·

5 520 7 524 ¹
63 508 204 584 ponunt
476 573 477 577 Ἰ
700 572 709 584 „
921 563 925 574 ,

104 587 198 660 wMox
212 581 270 655 ubi
287 599 531 677 perventurum
544 580 674 655 cursum
690 585 743 653 aer
756 581 864 654 minus
875 581 982 677 gravis
995 583 1066 657 red·
1096 611 1097 614 ¹

62 677 165 771 ditur,
184 679 327 773 'vapores
345 676 479 750 eandem
495 676 670 750 retinentes
685 678 875 775 gravitatem
891 675 1066 754 neceffirrio

61 773 243 868 subfident,
267 773 300 847 dr
316 772 440 845 incasit
455 772 513 845 suo
531 773 683 868 peractis
698 773 904 846 relistenriam
921 774 1065 848 conden·
1136 806 1138 810 ·

21 913 25 920 ·
49 869 134 963 ..sati‚
158 871 239 942 &in
255 869 512 965 minussparium
535 868 641 941 coacli
666 868 803 941 formam
819 869 961 964 priorem
971 871 1064 942 amit-

31 977 152 1060 ·.]tunt,
176 966 211 1038 ἃ
227 965 393 1040 interram
409 966 560 1038 cadentes
573 964 694 1065 pluviae
708 965 844 1062 speciem
861 966 1015 1038 induunt.

1 1107 2 1110 =
73 1119 77 1128 .
113 1059 227 1156 Multo
240 1062 379 1136 maxima
392 1060 496 1157 hujus¹
507 1083 581 1156 pars
600 1085 658 1157 per
673 1057 797 1134 fluvios
806 1062 845 1132 ad
862 1086 949 1134 mare
966 1060 1065 1136 dedu·

62 1156 151 1248 'citur
175 1157 292 1232 iterum
313 1160 349 1231 in
367 1181 503 1256 vapores
518 1158 656 1250 abitura,
678 1171 750 1253 pars
761 1182 841 1238 vero
854 1158 963 1255 aliqua
974 1181 1064 1232 terrae

62 1254 95 1327 se
110 1254 275 1349 immiscet,
298 1254 333 1329 ἃ
349 1254 395 1326 ibi
408 1253 553 1350 depolita
566 1253 718 1325 arborum
730 1253 967 1350 herbarumque
982 1255 1065 1328 radi·

36 1409 38 1414 .
62 1373 114 1421 ces
126 1352 160 1421 ἃ
175 1349 298 1424 semina
311 1350 506 1446 ingreditur,
531 1349 683 1446 equibus
696 1351 733 1421 iu
747 1348 824 1434 alias
840 1348 936 1445 plane
953 1350 987 1422 dr
1003 1377 1063 1422 no-

61 1470 118 1518 vas
133 1471 308 1544 corporum
331 1446 449 1543 species
465 1442 626 1542 assurgit·
651 1447 696 1518 Et
719 1445 830 1527 eadem
844 1446 974 1543 quidem
991 1447 1062 1541 plu-

61 1541 157 1615 vialis
171 1568 252 1640 aqua
266 1543 393 1615 diversa
407 1566 545 1638 corpora
555 1542 736 1637 componit,
748 1563 850 1641 prout
869 1541 997 1614 diversa
1012 1544 1064 1614 in·
1163 1567 1164 1574 ¹

58 1637 324 1735 grediturrerum
340 1639 483 1727 semina;
509 1638 655 1736 quaedam
670 1639 736 1711 scil
753 1636 867 1710 tranfit
877 1637 913 1710 in
933 1636 1062 1744 planta·

59 1736 164 1830 gines,
181 1737 328 1832 qnaedam
348 1737 384 1807 in
399 1734 559 1830 gramina,
580 1733 691 1832 aliqua
707 1733 743 1807 in
766 1733 875 1827 flores,
897 1733 1006 1829 aquua
1023 1735 1061 1808 in

58 1849 212 1926 quercus,
240 1855 338 1904 arnos
353 1831 444 1925 fagos
469 1829 604 1904 &alias
630 1829 882 1928 quamplurimas
907 1829 1061 1902 arborum

57 1927 94 1997 dt
109 1925 295 2020 plantarum
310 1925 439 2019 species.

20 2105 21 2108 Ἴ
38 2095 39 2098 ,
103 2021 183 2096 ,Nec
198 2021 235 2092 in
251 2020 363 2092 eadem
377 2017 491 2115 planta
507 2019 643 2093 omnino
659 2019 804 2094 fimilaris
817 2042 925 2096 manet
947 2023 1058 2094 eadem

59 2113 187 2212 pluvia,
211 2141 287 2206 cum
301 2113 425 2215 plantae
447 2139 560 2188 omnes
579 2139 621 2189 ex
636 2116 816 2190 innumeris
831 2117 1058 2213 heterogeneis

25 2247 28 2252 ·
55 2209 208 2284 coustant
222 2193 388 2310 patlibus,
403 2211 446 2286 fic
460 2212 496 2286 in
508 2210 580 2284 lino
590 2238 616 2284 e.
626 2239 661 2310 g.
679 2212 801 2286 aliaest
814 2213 918 2288 forma
935 2213 1060 2309 radicis,

57 2307 121 2380 alia
139 2309 250 2402 caulis,
272 2309 337 2383 alia
352 2308 502 2382 tenuium
517 2306 683 2404 fibrarum,
705 2309 770 2383 alia
781 2309 913 2404 florum,
933 2310 996 2382 alia
1012 2310 1060 2382 se-

56 2403 165 2498 minis,
187 2404 252 2478 alia
264 2404 467 2501 capsularum
482 2405 589 2478 semen
603 2408 853 2481 continentium.

105 2503 209 2576 Varia
226 2525 357 2598 quoque
371 2501 421 2572 est
440 2503 476 2572 in
496 2503 611 2575 eodem
624 2503 697 2575 lino
713 2503 864 2578 vasorum
886 2501 1060 2599 struclura,

55 2595 113 2668 sua
127 2597 216 2668 enim
231 2595 331 2670 habet
354 2595 428 2668 vasa
444 2596 629 2690 'humorum
650 2597 861 2671 circulationi
881 2599 1059 2672 inservien-

54 2693 112 2784 tia,
136 2718 207 2766 non
221 2692 317 2767 aliter
336 2717 374 2766 ac
401 2695 438 2766 in
457 2715 597 2792 corpote
611 2693 776 2781 animato,
800 2691 853 2766 sed
877 2696 910 2765 δι
926 2695 1059 2766 diverfis

54 2791 192 2861 omnino
206 2791 351 2885 gaudent
377 2789 426 2862 hae
440 2812 544 2886 partes
564 2788 834 2888 proprietatibus:
859 2789 959 2861 caulis
984 2814 1011 2861 e.
1020 2817 1057 2888 g.

53 2883 232 2980 estcorpus
244 2883 410 2980 lignosum
420 2886 455 2957 ἃ
469 2885 543 2980 post
554 2881 801 2960 exsiccationem
815 2885 908 2958 valde
917 2883 1059 2981 friabile,

53 2980 135 3052 dum
151 3000 267 3051 cortex
291 2979 346 3052 seu
361 2979 583 3051 membranula
606 2984 730 3055 caulem
753 2984 907 3080 'operiens
935 3008 975 3056 ex
1000 2987 1059 3058 ob·

53 3073 167 3171 longis
180 3072 415 3147 tenuiffimis&
433 3073 639 3172 plicabilibus
651 3079 776 3151 constat
797 3077 888 3151 fibris
901 3083 990 3152 varie
1006 3082 1057 3152 in·
1134 3158 1138 3169 ¹

52 3194 105 3246 ter
118 3169 150 3243 se
163 3169 330 3244 connexis.

101 3271 201 3340 Hanc
222 3263 438 3338 membranam
454 3268 474 3336 a
491 3261 584 3338 caule
600 3263 657 3337 sua
676 3267 824 3364 separant
848 3267 999 3360 linifices,
1021 3269 1056 3343 dr

77 3363 226 3461 ostquam
246 3360 335 3457 mille
352 3361 574 3435 traeuverunt
598 3361 714 3455 modis,
737 3362 833 3434 libras
851 3363 919 3458 ejus
945 3363 981 3436 in
998 3368 1056 3440 ob

52 3391 152 3560 longa
170 3479 392 3556 contorquent
408 3456 485 3550 lila3
509 3479 631 3532 mutata
647 3457 878 3557 particularum
893 3460 1055 3557 posrtione

53 3561 88 3632 ἃ
102 3558 176 3652 litu,
202 3558 237 3631 ἃ
254 3554 419 3628 tuncsane
435 3553 581 3628 aliam&
610 3555 711 3653 longe
726 3557 886 3629 diversam
914 3559 1054 3637 subeunt

52 3653 177 3728 fibrillae
188 3653 328 3736 formam
343 3650 384 3724 ab
397 3674 446 3744 ea,
458 3675 555 3757 quam
569 3652 605 3726 iri
623 3651 723 3725 viridi
737 3653 897 3726 habebant
910 3658 1031 3754 planta.

73 3811 75 3814 .
101 3750 184 3826 Mox
200 3751 237 3825 in
250 3747 283 3826 se
296 3747 479 3828 convoluta
491 3745 561 3846 lrla,
570 3747 682 3823 iisdem
696 3753 901 3828 manentibus
914 3755 1055 3918 patticlu·

713 3865 716 3874 ’
1028 3870 1054 3917 lS
