2476 4298
539 281 543 306 .
607 189 629 293 [
659 199 706 287 84
732 183 754 292 1

189 325 343 424 bulisjam
359 323 478 423 gaudet
493 309 606 422 equus,
629 347 690 398 nec
700 341 809 395 arator
819 322 906 420 igne,
928 319 1090 394 sednova
1102 321 1191 418 pror-

188 425 286 498 sus&
302 422 372 496 laeta
387 443 519 522 apparet
535 443 641 493 rerum
661 419 768 514 iacies,
801 417 958 492 &annus
973 439 1035 520 per
1053 419 1193 496 aestatem

186 517 229 595 ad
244 541 438 592 autumnum
455 515 648 591 revolvitur.

233 618 318 690 Cum
338 613 397 688 'am
416 635 467 686 tot
481 611 613 708 diversi,
635 631 687 687 tot
701 608 858 686 contrarii
874 608 1038 684 eveniunt
1055 608 1189 707 effedius

185 735 227 786 ex
241 711 310 786 sola
322 639 400 785 litus
413 710 606 803 inritatione,
621 711 656 784 bt
673 729 738 780 tam
750 707 842 782 varia
856 729 902 780 ex
912 705 977 780 hac
988 706 1189 804 consequanf

185 830 241 880 tur
264 807 491 908 phaenomena,
512 804 633 879 caeteris
649 803 801 878 omnibus
815 802 915 878 caulis
929 801 1044 878 iisdem
1059 830 1187 880 manen·

185 903 282 994 tibus,
303 927 390 978 certe
404 927 445 976 ex
455 901 629 1004 politione,
638 901 801 996 distantia,
816 898 1060 1000 magnitudine,
1072 902 1185 998 ligura,

185 999 222 1072 ἃ
235 999 396 1074 llrudlura
410 999 550 1098 partium
574 1021 712 1095 corpora
727 995 1012 1100 componentium,
1035 1022 1080 1072 ex
1097 997 1192 1072 efflu÷

184 1093 317 1170 viorum
330 1117 433 1190 motu,
457 1095 491 1168 δι
506 1094 696 1190 subtilitate,
718 1119 762 1168 ex
777 1117 954 1196 corporum
966 1095 1186 1194 congruitate,

185 1189 220 1264 ἆ
242 1217 356 1266 eorum
382 1192 423 1266 ad
439 1190 502 1264 alia
517 1215 655 1290 corpora
686 1189 846 1292 respedlu,
868 1213 912 1264 ert
934 1188 1025 1264 hisce
1051 1193 1186 1359 ingram

185 1289 338 1361 omnibus
354 1290 445 1362 varie
461 1289 494 1360 ἃ
512 1285 650 1362 infinitis
677 1285 745 1360 fere
760 1287 866 1360 modis
883 1285 1011 1386 jundlis
1036 1286 1073 1364 ἅ
1107 1286 1185 1362 'mul

182 1383 387 1477 combinatis,
420 1384 556 1458 inlinitae
580 1383 821 1488 propemodum
848 1381 982 1456 diversae
1002 1384 1187 1480 provenire

184 1478 317 1576 poliunt
329 1504 505 1580 corporum
519 1478 629 1554 formae
653 1477 854 1572 affectiones,
875 1479 909 1553 ἃ
931 1477 968 1550 in
990 1479 1182 1552 seinvicem

183 1576 401 1670 operationes,
426 1600 487 1648 nec
513 1578 686 1674 quicquam
715 1576 752 1650 in
776 1598 892 1650 natura
913 1573 1184 1670 conspiciendum

181 1671 230 1742 est
246 1671 336 1770 quod
348 1697 390 1745 ex
406 1671 493 1744 hisce
508 1697 578 1746 non
589 1672 717 1772 pendet.
767 1672 802 1746 Si
815 1673 905 1746 enim
918 1672 983 1746 hate
997 1692 1184 1767 mutentur,

180 1767 395 1842 mutabuntur
415 1767 512 1842 fimul
528 1793 704 1868 corporum
721 1768 843 1862 lormae,
864 1765 1036 1866 qualitates
1051 1767 1087 1840 δι
1104 1791 1185 1863 ope-

181 1865 331 1936 rationes.
365 1892 391 1938 e.
399 1891 432 1964 g.
458 1867 587 1940 constat
610 1865 819 1940 attradiiones
840 1863 1091 1940 &diredliones
1118 1889 1184 1935 ma·

206 1961 324 2034 ncticas
333 1986 375 2036 ex
385 1963 526 2060 partium
541 1961 701 2035 strublura
714 1961 805 2055 oriri,
828 1985 904 2035 nam
918 1960 941 2032 li
955 1959 1024 2033 ictu
1039 1959 1115 2032 satis
1132 1984 1183 2032 va·
1219 2025 1221 2029 .

178 1985 251 2130 lido
273 2081 405 2154 magnes
421 2060 633 2157 percutiatur,
660 2085 728 2158 quo
744 2057 884 2158 partium
901 2059 1108 2132 internarum
1123 2082 1180 2152 po-

179 2151 254 2225 sitio
271 2177 425 2248 mutetur,
448 2157 628 2230 mutabitur
643 2156 739 2228 etiam
756 2179 796 2228 eo
813 2153 884 2250 ipso
900 2154 1061 2252 magnetis
1075 2151 1179 2250 polus.

178 2247 261 2321 Etsi
276 2249 348 2348 igni
363 2252 554 2330 immittatur
568 2276 708 2350 magnes,
718 2277 785 2348 quo
797 2251 925 2326 interna
939 2252 1083 2344 partium
1098 2248 1180 2320 stru·

177 2341 269 2416 eluta
278 2368 420 2419 mutetur
433 2349 488 2420 vel
499 2348 628 2445 prorsus
636 2347 914 2442 destruatur,tunc
922 2345 1043 2420 amittit
1053 2368 1178 2420 ornnem

175 2441 318 2537 priorem
331 2442 497 2540 virtutem,
510 2445 545 2519 ἃ
558 2444 599 2517 ab
608 2443 680 2518 aliis
696 2445 754 2518 vix
768 2443 877 2518 differt
890 2442 1066 2544 lapidibus.

226 2535 361 2609 Etiamsi
397 2562 505 2613 autem
533 2537 724 2642 generaliter
756 2539 921 2614 ostensum
953 2541 993 2614 fit
1017 2536 1178 2636 operatio·

119 2679 123 2700 ψ.
175 2657 233 2706 nes
257 2635 450 2731 magneticas
470 2638 512 2711 ab
527 2639 656 2713 interna
678 2635 822 2740 partium
833 2636 1073 2711 constitutione
1098 2659 1176 2732 quo·

176 2729 351 2828 dammodo
363 2735 537 2830 provenire
563 2733 678 2806 modus
693 2757 801 2808 tamen
814 2733 982 2834 operandi,
996 2757 1041 2806 cx
1053 2730 1177 2803 mecha·

174 2824 259 2897 nicis
274 2829 308 2899 δι
335 2827 505 2902 ιἠῐεΙΙεᾶιι
533 2790 696 2904 licillintis
725 2829 895 2932 principiis
915 2830 1086 2924 dedudltts,
1107 2849 1173 2922 non

175 2921 286 3002 adhuc
297 2923 449 2996 inventus
459 2925 516 2998 est.
541 2925 712 3028 Quodque
724 2926 882 3004 nonnulli
896 2926 937 2999 dt
953 2925 1174 3019 efflusi-ismaa

174 3015 256 3090 teria
268 3015 391 3116 subtili,
401 3019 567 3122 particulis
583 3023 671 3122 poris
686 3025 844 3124 magnetis
857 3023 1066 3124 adaptis,&c.
1083 3043 1173 3118 gene·

174 3114 286 3188 taliter
316 3117 513 3213 pradicant,
537 3120 670 3194 minime
694 3145 753 3195 nos
777 3120 818 3192 ad
848 3118 966 3192 claram
995 3121 1032 3192 δε
1062 3116 1171 3191 distin·

172 3209 257 3288 diam
271 3211 388 3288 harum
419 3205 648 3320 operationum
664 3217 915 3314 explicationem
930 3215 1067 3290 deducit
1081 3237 1089 3285 ε
1123 3209 1170 3282 sed

172 3309 323 3386 omnibus
335 3311 423 3386 hisce
435 3338 504 3386 non
522 3314 724 3388 obstantibus
739 3315 878 3388 virtutes
890 3313 1080 3416 magnetica
1094 3309 1172 3383 iuter

172 3408 315 3488 occultas
327 3411 497 3500 qualitates
512 3410 703 3508 reponenda
713 3407 809 3483 sunta
831 3439 834 3446 ³
987 3427 988 3432 ’

219 3504 276 3577 Ex
286 3506 381 3580 dictis
395 3506 722 3606 sequitur,qualitates
734 3531 920 3606 corporum,
936 3509 1043 3616 quara
1061 3500 1170 3580 formis

172 3621 243 3667 non
261 3604 549 3710 pendent‚qttaeque
559 3606 673 3678 eidem
688 3627 842 3678 manente
858 3627 999 3678 materiae
1013 3602 1174 3776 pualitate

172 3691 301 3770 intendi
326 3699 360 3768 ἃ
385 3705 505 3774 remitti
522 3721 702 3802 nequeunt,
726 3699 778 3775 sed
804 3702 957 3777 omnibus
972 3703 1009 3776 in
1028 3722 1092 3775 unt
1105 3719 1174 3772 cor-

172 3814 291 3892 porum
305 3795 488 3892 generibus,
510 3800 545 3872 in
562 3801 678 3898 quibus
693 3797 915 3896 experimenta
934 3797 1113 3886 instituere
1136 3793 1174 3867 li·

1095 3911 1178 3987 ceat,
