2460 4298
53 301 186 376 dierum
201 297 317 396 spatio,
343 295 404 372 vix
413 297 516 396 grani
532 319 656 396 partem
669 297 817 374 oblatam
833 300 874 374 de
896 301 956 377 suo
977 330 1062 404 pon·

52 399 135 484 dere
155 395 312 485 amifille;
335 418 411 467 cum
430 419 511 466 vero
537 394 717 469 continuus
744 393 790 470 est
804 396 1016 476 effluviorum
1039 409 1062 477 ὲ

29 509 33 514 “
54 517 196 589 corpore
210 489 382 566 odorifero
395 489 545 584 efflatus,
569 511 658 586 patet
669 512 822 588 oportere
847 518 921 567 eum
938 497 1062 595 semper

54 589 199 688 tempori
226 585 505 684 proportionalem
535 587 609 680 elle,
640 587 787 684 adeoque
816 609 962 687 tempore
988 597 1061 668 nni-

54 711 94 760 us
118 683 242 760 minuti
255 681 352 779 primi
381 681 442 754 erit
463 683 594 778 pondus
615 679 828 758 effluviorum
855 688 895 760 ab
907 684 973 762 alla
999 687 1061 762 loe·

53 831 126 905 tida
155 826 378 903 decidentium
397 825 626 925 aequalegrani
641 825 726 927 parti
741 804 865 966 ἐῶ
882 829 1061 910 natantem

54 964 256 1065 magnitudo
281 961 446 1066 particulae
471 988 602 1062 aqueae,
623 963 715 1063 cujus
735 969 866 1062 pondus
893 966 942 1042 est
965 969 1062 1043 unius

776 1068 832 1142 369

54 1109 171 1209 grani,
193 1108 322 1209 aequalia
349 1107 448 1207 digiti
462 1105 572 1183 cubici
588 1107 734 1210 partibus
746 1147 870 1230 iffi>
883 1111 1062 1210 ‚&proin·

15 1243 33 1292 .·
56 1242 254 1342 deejusdem
269 1271 359 1346 aquae
374 1241 546 1343 particula,
573 1244 666 1340 cujus
677 1247 808 1346 pondus
821 1249 867 1319 ell
882 1272 953 1344 pars
965 1249 1062 1347 grani

56 1363 193 1528 39-1135,
225 1378 453 1477 magnitudine
466 1375 671 1476 acqualisetit
686 1377 829 1478 partibus
846 1379 945 1478 digiti
955 1381 1062 1458 cubici

57 1542 315 1696 §.offo-{5333
337 1555 432 1658 atqui
458 1556 511 1632 est'
534 1557 674 1656 gravitas
687 1555 755 1630 allae
771 1554 958 1640 foetidaead
971 1579 1062 1655 aquae

57 1710 331 1808 gravitatemlnt
347 1701 415 1801 ipse
429 1722 580 1800 expertus
594 1701 699 1870 sumi)
724 1716 761 1774 ut
775 1703 798 1772 8
812 1700 898 1805 adq,
924 1700 959 1774 &
985 1724 1062 1795 pro·
1145 1771 1146 1776 ,

55 1805 138 1880 inde
163 1800 357 1900 magnitudo
372 1798 564 1895 quantitatis
586 1796 656 1871 assae
687 1795 807 1889 tenda,
828 1819 919 1892 cujus
933 1795 1062 1892 pondus

57 1947 112 2024 est
128 1947 231 2021 unius
246 1939 341 2038 grani
359 1964 432 2037 puts
445 1915 580 2080 ὡς,
604 1939 734 2040 aequalis
745 1939 807 2014 erit
822 1936 966 2038 partibus
979 1934 1063 2034 digi-

58 2137 90 2210 ti
119 2131 228 2210 cubici
245 2084 481 2252 {Eo-0323&
495 2127 773 2206 sedeffluviorum
789 2126 938 2204 omnium
949 2149 1061 2200 nume·

58 2303 116 2353 tus
142 2275 239 2375 supra
261 2277 417 2349 inventus
446 2272 585 2372 ponitur
607 2276 791 2372 3618976,
814 2273 959 2370 adeoque
986 2295 1063 2346 cunt

60 2415 173 2493 omnia
198 2415 268 2489 hate
292 2413 429 2490 effluuia
453 2415 550 2517 digiti
564 2417 673 2493 cubici
699 2427 803 2516 partes
825 2375 1059 2541 {iffi-5333

59 2568 188 2626 tantum
218 2532 414 2647 adaequant,
436 2550 500 2622 etit
523 2573 726 2646 unaquaeque
748 2555 906 2650 particula
934 2554 1063 2652 aequalis

59 2693 160 2794 digiti
173 2691 281 2785 cubici
304 2691 449 2790 partibus
506 2652 874 2832 361897626500000000
907 2725 918 2790 3
944 2696 1000 2768 seu
1014 2717 1064 2764 re·

59 2835 215 2914 ducendo
234 2839 320 2912 hanc
343 2836 535 2912 lradlionem
546 2840 588 2916 ad
601 2841 796 2938 decimalem,
819 2843 881 2918 erit
894 2835 1064 2916 uniuscus·

59 2973 131 3048 que
150 2947 312 3044 particulae
326 2950 518 3042 magnitudo
534 2950 663 3049 aqualis
678 2953 775 3052 digiti
788 2952 896 3029 cubici
920 2952 1064 3049 partibus

244 3060 276 3100 12

61 3120 469 3212 W
491 3090 547 3164 seu
573 3094 713 3184 Partibus
750 3095 927 3172 duodecem
951 3093 1063 3168 mille·

64 3225 315 3303 billionellimia
999 3303 1000 3306 Ἴ

111 3359 156 3431 In
172 3353 259 3427 hisce
273 3349 497 3461 supposuimus
512 3345 686 3448 particulas
702 3348 836 3423 odorem
853 3347 1064 3446 producentes

1 3481 10 3506 2
65 3450 140 3528 elle·
155 3447 214 3526 ubi
238 3474 324 3525 uetn
344 3446 493 3544 praedidla
514 3445 664 3520 distantia
678 3445 843 3544 aqualiter
856 3443 1006 3540 diffirsas3
1028 3473 1063 3526 at

6 3577 14 3580 ·
65 3575 138 3624 cum
157 3476 267 3622 verius
280 3567 427 3621 centrum
438 3543 492 3617 seu
503 3567 620 3644 corpus
637 3540 850 3638 odoriferum,
872 3546 1064 3652 aquo-pro.

0 3679 13 3703 ι
63 3646 181 3741 deum,
205 3644 228 3718 s
243 3641 364 3716 iffiores
394 3641 429 3714 du
455 3639 561 3738 plnres
593 3637 775 3738 suntquani
789 3639 897 3715 versus
912 3664 1064 3716 extimam

65 3740 197 3844 sphaerae
214 3670 661 3907 liperfieiemmultoplures
676 3751 772 3813 erunt
785 3736 949 3909 particulpc
964 3761 1063 3844 qnam
1184 3747 1187 3754 '

508 3877 510 3880 -
599 3857 623 3905 2
736 3883 756 3888 ,.
871 3886 875 3892 -
933 3853 1065 3929 opertus
