2476 4298
562 159 736 268 [iro]
1148 257 1149 263 γ

198 294 356 376 Desinant
371 291 433 391 ianr
448 290 642 390 Philosophi
657 286 844 368 continuati
859 305 977 362 motus
991 291 1148 389 exquiret
1210 295 1226 343 ¹

151 393 290 483 musam,
311 389 375 464 alia
389 389 515 492 quippe
537 386 740 486 agnoscenda
757 385 808 460 est
829 384 937 479 nulla,
953 409 1086 495 ·praerer
1099 390 1149 485 pri·
1219 371 1238 424 ³

149 487 346 581 mamiliam,
366 511 437 584 qua
451 509 521 559 non
534 485 769 560 modomotum
780 481 837 556 sed
849 506 900 555 res
916 505 1044 557 omnes
1057 480 1140 557 mede
1235 498 1238 519 ¹

148 581 209 658 suo
224 582 419 678 conservat,
441 588 548 658 Deum
564 580 631 656 scii
654 585 733 687 Opt
749 582 840 653 Max.
856 600 921 653 nec
942 577 1018 685 alia
1043 579 1140 684 ratirte'

193 679 467 773 rstreratmotur,
488 702 586 778 quarn
608 697 821 754 conuouatur
843 698 1006 779 corporrs
1033 675 1138 773 altop
1174 756 1187 778 .
1225 683 1238 711 ·

165 770 387 873 'gura‚colot,
416 797 475 850 ant
502 773 572 850 aliae
594 772 716 872 quavis
731 769 918 846 istiusmodr
934 769 1139 877 affudiionun,
1177 828 1179 832 ⁷
1225 780 1236 809 ⁸

147 894 221 970 qua
235 870 359 974 semper
371 870 490 946 eaedem
505 889 732 972 permanerent
747 865 806 941 niii
829 867 881 941 vis
896 866 1023 967 aitqua
1038 890 1139 951 extem
1216 867 1232 921 i

147 990 203 1041 err
229 970 418 1044 turbaverit
994 1024 996 1031 ,
1062 977 1069 982 ·
1119 984 1121 986 ·
1231 971 1238 997 ·

198 1064 311 1140 Multo
334 1062 466 1161 quidem
479 1059 645 1138 rodim&
667 1058 764 1159 magis
781 1057 971 1134 seeundum
985 1060 1087 1135 bona
1102 1084 1141 1134 nt·
1173 1142 1174 1147 ,

147 1160 247 1235 rhodi
260 1156 508 1354 'eeiffliffim'
531 1157 556 1231 {i
575 1159 717 1232 rationes
731 1155 886 1265 retardati
903 1155 944 1229 uc
970 1159 1081 1233 amiffi
1101 1183 1142 1231 mo

103 1412 106 1417 ,
147 1276 615 1462 ῖῗιὶιὶἷὲ”ιφκιίἓέιὶωῖιῗ”ιῗ
629 1251 1146 1453 ‘litii'didmhffl‘dtd

114 1412 475 1776 Ὓοιυι,
495 1469 541 1527 ex
568 1470 636 1544 quo
662 1466 773 1518 revera
794 1467 862 1542 epra
889 1448 1079 1523 retardatio
1089 1471 1143 1545 pro
1195 1536 1198 1539 ¹

147 1564 251 1616 vemt
837 1584 838 1587 =
883 1561 889 1579 1

155 1662 157 1667 ¹
196 1636 338 1713 Definan
367 1636 463 1712 etium
478 1636 672 1738 Philosophi
685 1636 1146 1716 decommunicatiorremotur

149 1751 254 1809 tantas
269 1734 342 1811 lites
355 1758 509 1828 movere;
529 1760 578 1843 err·
588 1734 682 1843 supra
695 1731 804 1831 pofitis
818 1732 910 1807 enim
926 1734 1144 1813 facileintelli·

147 1830 249 1930 gitur,
271 1856 330 1906 cur
344 1830 427 1940 lapis
442 1855 482 1905 ex
496 1853 696 1931 properentrs
712 1853 809 1903 manu
823 1850 921 1904 tanto
937 1859 1023 1908 curn
1039 1835 1144 1930 impetu

148 1928 317 2004 emittitur:
330 1951 454 2030 qurppe
474 1953 576 2026 quum
590 1926 672 2027 lapis
694 1927 730 2001 in
751 1929 1083 2032 manucontinetor,
1102 1950 1146 1999 ne·

147 2021 289 2098 tesseest
305 2047 341 2100 ut
354 2026 395 2100 de
411 2046 502 2098 motu
519 2025 615 2126 iplius
631 2049 744 2098 manus
759 2044 933 2124 partrcrpet
961 2025 1146 2123 (percari.)

145 2119 294 2219 adeoque
308 2120 419 2195 eadem
427 2119 591 2196 celeritate
605 2121 641 2195 &
657 2119 768 2194 versus
780 2119 918 2194 candem
935 2122 1085 2222 plagam,
1095 2141 1145 2218 qur

146 2215 220 2316 ipsa
246 2240 371 2311 marrus,
391 2218 533 2308 feretur3
556 2215 611 2291 sed
635 2241 753 2313 corpur
769 2239 868 2289 omne
888 2221 1050 2292 naturale
1066 2211 1146 2291 semei
1186 2288 1187 2291 ,

147 2330 276 2385 motum
292 2313 327 2385 in
343 2312 458 2384 eodem
469 2312 650 2408 perseverat
665 2331 757 2384 motu
770 2312 852 2409 (per
869 2310 979 2410 legem
993 2315 1089 2414 supra
1100 2336 1145 2414 po

146 2404 266 2501 litam)
288 2407 394 2478 donec
417 2406 458 2479 ab
484 2427 602 2503 agente
633 2426 775 2480 externo
804 2408 1039 2508 impediatur;
1073 2407 1144 2482 unde·

147 2523 224 2574 eum
244 2500 417 2598 projiciens
441 2527 573 2578 manum
587 2502 677 2578 suam
701 2502 847 2594 retrahit,
868 2502 957 2600 lapis
974 2531 1051 2582 nou
1064 2527 1146 2580 retra·

145 2596 311 2672 &usmeta
323 2600 556 2697 progredietur.
605 2602 727 2675 Eodem
744 2599 872 2698 prorsus
888 2600 1009 2694 modo,
1025 2604 1050 2678 fi
1065 2599 1145 2676 narie

145 2715 205 2767 aut
217 2697 333 2792 cymba
347 2696 455 2771 ventis
472 2695 631 2770 velremir
645 2695 795 2771 celeriter
810 2714 940 2792 agatur,
963 2698 1030 2796 qui
1043 2699 1075 2772 in
1084 2694 1143 2790 ipsa

145 2789 278 2863 sedeant
298 2793 439 2865 eundem
460 2790 597 2864 celerem
618 2813 745 2866 motum
775 2791 851 2892 ipsus
871 2794 1145 2869 communicatum

144 2882 282 2978 habent,
303 2907 338 2958 nt
349 2886 374 2959 sr
387 2884 494 2959 subito
510 2886 750 2980 srstarurnavis,
769 2913 817 2960 res
828 2912 941 2961 omues
955 2891 992 2963 in
1005 2891 1086 2964 navi
1097 2913 1145 2988 pn

144 2979 211 3053 srtae
225 3001 350 3054 motum
360 2980 453 3057 suum
466 2983 660 3060 continuare
672 3006 846 3079 conantur,
868 2987 902 3057 dr
914 2985 1010 3081 quati
1037 2982 1144 3061 finavi

144 3076 285 3153 firmiter
297 3103 367 3154 non
380 3078 555 3169 adhaerent,
578 3080 652 3179 post
666 3080 756 3156 illius
769 3081 909 3179 quietem
921 3080 985 3153 reli
1024 3085 1053 3157 is
1075 3080 1145 3156 locis

142 3173 209 3249 suis
222 3176 398 3288 etiamnum
409 3176 684 3276 progrediuntur;
706 3198 804 3345 argue
815 3176 896 3250 hine
910 3174 1145 3274 periculumest

142 3293 188 3344 ne
200 3273 348 3350 hominen
361 3298 398 3347 m
415 3275 493 3349 navi
509 3271 729 3371 relativequie
742 3292 861 3365 centes,
885 3271 962 3369 post
978 3296 1049 3347 ram
1069 3272 1146 3348 subi-

142 3383 210 3438 tam
224 3369 260 3443 &
272 3370 362 3469 quadi
378 3369 556 3444 violentam
570 3369 667 3442 status
680 3366 730 3443 sui
745 3372 975 3462 mutationem,
999 3371 1146 3466 prorsum

142 3463 483 3563 ptaecipitentur,cum
494 3463 559 3539 scil.
574 3486 696 3564 mutue,
711 3490 810 3562 quem
827 3464 916 3562 prius
929 3466 1059 3565 abipsa
1072 3463 1144 3541 mvi

141 3578 301 3650 accepere,
317 3562 467 3636 nondum
487 3558 665 3634 destruetur
680 3559 735 3634 est.

190 3652 224 3750 Si
240 3648 320 3749 lapis
338 3656 374 3728 in
389 3656 489 3732 funda
504 3655 653 3730 celeriter
665 3657 911 3754 circumagatur,
933 3681 1010 3732 cum
1035 3683 1075 3736 ea
1099 3683 1148 3736 ct·
1167 3676 1175 3683 “

139 3743 265 3820 lentate
289 3749 448 3827 circulum
460 3753 618 3830 describet
632 3778 729 3852 quam
744 3753 843 3830 habet
865 3777 903 3827 ea
927 3753 1040 3832 fundat
1067 3781 1148 3864 pars,

1111 3875 1147 3927 ur
1212 3878 1213 3881 ¹
