2460 4298
617 199 760 309 [¹0]

242 342 394 421 Soliditas
413 338 457 415 est
470 362 507 414 ea
520 340 668 438 corporis
695 339 889 443 proprietas,
897 360 959 440 per
975 364 1083 438 quam
1097 339 1186 413 omni

194 441 253 514 bus
268 438 341 511 altis
356 436 549 543 corporibus
572 435 786 535 undequaque
813 435 1048 537 prementibus
1074 436 1188 529 resistit,

192 536 227 608 a
241 532 397 632 quamdiu
412 531 552 631 aliquem
563 553 702 628 occupat
714 530 906 628 locum,alia
915 555 1069 630 corpora
1079 535 1187 626 omnia,

190 651 441 739 quantacunque
450 653 525 702 cum
540 629 576 703 vi
604 627 689 702 illud
714 649 862 726 urgeant,
887 627 924 700 itt
938 629 1065 701 eodem
1080 629 1186 702 intnrt

190 724 352 821 prohibet.
362 728 414 801 Sic
428 724 522 821 vgti
538 749 657 826 corpus
666 723 800 822 aliquod
814 723 900 797 intra
916 747 1188 800 manustencanr

189 822 408 917 quamtumvis
423 844 539 917 magna
556 820 590 893 vi
612 842 787 917 prematur,
813 843 928 893 manus
947 823 1117 897 tamcuad
1130 848 1187 896 mu·

188 937 264 1011 tuos
279 917 448 994 conracius
463 915 633 1014 pertenire
650 940 719 990 non
732 916 881 1014 patietur.
947 939 949 942 ’

198 1106 200 1108 1
235 1014 315 1088 Haec
348 1013 394 1088 cst
418 1013 471 1084 illa
494 1011 683 1112 proprietas,
700 1036 795 1110 quam
809 1009 962 1112 plerique
982 1014 1187 1117 Peripatetici

186 1109 232 1182 im
276 1107 524 1183 nettabilitatem
547 1129 680 1202 vocant,
702 1134 765 1207 qua
779 1107 845 1183 scal».
871 1106 941 1181 duo
956 1134 1107 1208 corpora
1127 1136 1186 1185 nou

185 1231 230 1302 po
262 1228 322 1279 unt
346 1202 410 1277 cll'e
426 1203 519 1279 limul
533 1204 694 1278 incudem
717 1206 806 1300 loco,
829 1201 928 1277 uelse
946 1228 1074 1281 mutuo
1141 1233 1186 1281 ne·

183 1322 282 1395 trare,
304 1324 368 1399 ego
384 1322 490 1373 tamen
515 1325 589 1374 cum
607 1298 724 1373 illustri
737 1299 946 1396 hujusaetatis
972 1301 1080 1404 philo
1094 1305 1185 1402 oplro,

181 1395 378 1472 soliditatem
394 1395 495 1469 malui
510 1393 684 1495 appellate.
734 1397 813 1469 Haec
827 1396 923 1468 etiam
942 1399 1134 1504 proprietas
1147 1401 1185 1473 ira

182 1492 336 1572 omnibus
360 1490 553 1589 corporibus
584 1486 758 1567 ellentialis
772 1491 954 1565 videturut
978 1494 1073 1568 nrhil
1102 1497 1185 1570 aliud

180 1588 220 1662 in
233 1610 341 1660 rerum
355 1610 483 1678 natura,
504 1580 570 1659 else
584 1585 757 1679 cernimus,
779 1587 834 1660 cui
862 1609 1054 1685 competere
1068 1592 1183 1690 poffit;

179 1681 240 1764 etli
254 1681 341 1758 enirn
353 1680 471 1757 danttu
499 1681 633 1757 aliaema
659 1681 958 1787 nitudinisspecies,
988 1684 1064 1759 sola
1082 1711 1182 1761 tamen

179 1778 373 1878 magnitudo
388 1801 545 1876 corporea
558 1777 619 1852 soli
645 1782 752 1852 itatem
768 1779 920 1874 admittit,
943 1779 1005 1854 reli
1032 1808 1182 1882 uaquatr·

177 1899 223 1971 ta,
249 1874 303 1949 vel
330 1877 427 1948 etiam
454 1898 524 1947 non
552 1895 684 1973 quanta,
707 1875 762 1948 scu
812 1875 921 1967 unc‘la,
950 1888 997 1976 po
1033 1903 1097 1953 unt
1123 1879 1182 1954 sese

176 1991 297 2046 mutuo
308 1993 487 2069 penetrare,
509 1971 611 2067 uniri,
634 1971 669 2045 dc
685 1973 721 2044 in
736 1901 849 2044 cadim
859 1969 924 2045 elle
933 1970 1035 2046 loco:
1063 1977 1181 2074 quippe

174 2066 203 2141 fi
232 2067 301 2143 duo
317 2067 418 2142 Globi
444 2065 504 2141 libi
520 2090 635 2141 mutuo
650 2090 833 2160 occurrant,
855 2067 892 2139 in
912 2072 1083 2144 concursu
1100 2098 1179 2170 pun·

174 2164 265 2238 dium
276 2164 375 2238 unius
400 2164 535 2237 unietur
549 2188 624 2237 cum
649 2163 925 2261 pundloalterius,
950 2165 1005 2238 seu
1038 2192 1185 2266 congru.

173 2282 230 2352 ent
257 2257 310 2333 vel
325 2257 360 2330 in
374 2259 486 2331 codem
503 2280 599 2332 erunt
612 2257 705 2355 spatii
732 2259 1037 2355 pundo,fimiliter
1067 2265 1093 2336 li
1118 2264 1179 2337 lint

172 2353 242 2429 duo
257 2353 333 2428 cubi
348 2352 497 2450 aequales,
509 2354 612 2448 potest
629 2379 741 2427 eorum
759 2374 843 2429 unus
856 2355 950 2452 supet
967 2357 1111 2433 alterum
1124 2360 1176 2433 im

171 2449 266 2547 poni,
279 2449 324 2522 ita
339 2469 376 2522 ut
389 2449 462 2522 duae
485 2473 601 2524 eorum
626 2449 809 2550 superficies
836 2452 1001 2551 quadratae
1035 2481 1176 2552 congru·

170 2567 241 2639 ant,
260 2547 362 2619 latera
393 2570 509 2645 nempe
534 2545 631 2642 unius
661 2545 811 2647 quadrati
838 2572 913 2622 cum
943 2548 1082 2625 alterius
1101 2578 1175 2653 qua·

162 2640 257 2716 'drati
276 2640 673 2737 lateribus‘coincidant3
694 2642 857 2742 &anguli
874 2643 973 2717 unius
1002 2669 1083 2721 cum
1098 2649 1173 2722 alte·

168 2736 239 2826 rius
267 2739 395 2835 angulis
424 2738 580 2812 unientur
589 2793 601 2833 ,
624 2764 697 2837 quae
723 2740 861 2838 proinde
886 2742 1088 2836 quantitates
1111 2745 1173 2818 felc

167 2832 435 2939 penetrabunt&
454 2834 490 2908 in
507 2834 618 2907 eodem
633 2855 731 2908 erunt
747 2836 835 2933 loco,
847 2836 936 2933 quod
948 2859 988 2914 ut
1003 2837 1085 2941 ipsis
1098 2866 1172 2916 con·

166 2929 274 3025 tingat
291 2930 485 3024 corporibus
497 2929 692 3028 impoffibile
708 2931 763 3003 cst.

179 3025 305 3100 ''Hinc
317 3024 413 3098 facile
430 3024 609 3126 perspicitis
624 3027 807 3115 Academici
827 3051 924 3127 quam
937 3027 1076 3105 diverso
1103 3033 1171 3107 sen·

164 3123 203 3204 su
216 3120 388 3204 soliditatis
405 3146 517 3214 uocem
542 3122 735 3224 usurpamus
745 3125 786 3197 ab
798 3151 838 3198 eo
853 3125 910 3223 qui
932 3127 1021 3221 apud
1033 3132 1171 3204 Geome-
1229 3152 1230 3218 t

164 3239 228 3293 tras
242 3220 391 3315 habetur,
420 3216 478 3318 qui
502 3216 616 3313 solida,
640 3221 705 3311 sese
728 3226 845 3295 murno
875 3245 1045 3317 penetrare
1071 3224 1169 3324 polle,
1229 3240 1230 3261 ¹

163 3313 353 3413 supponunt
366 3317 418 3406 ;V
432 3319 464 3390 G
487 3340 562 3390 cnm
580 3315 777 3391 demonstrat
793 3316 943 3392 Euclides
957 3320 1169 3418 (Elemento)

162 3410 417 3500 undecimoduo
443 3411 547 3486 solida
576 3413 843 3516 parallelepipeda
860 3415 1083 3510 supercadem
1098 3417 1169 3511 bali,

162 3505 249 3580 i'tttet
280 3506 391 3589 eadem
412 3506 567 3608 parallela
594 3505 690 3604 plana
715 3508 904 3604 constituta,
930 3507 1110 3590 effcintet
1135 3514 1166 3588 se

161 3595 383 3699 acqualimcttm
394 3624 501 3676 autem
516 3605 583 3679 duo
600 3603 725 3698 'diversa
743 3605 1016 3705 parallelepipeda
1027 3609 1075 3686 fic
1091 3634 1165 3686 con·

160 3690 273 3772 llituta
286 3695 533 3795 sesepenetrare
547 3695 671 3774 trecelse
687 3700 734 3774 est
753 3728 761 3773 :
782 3701 887 3799 liquet
903 3707 1099 3782 Geometras
1112 3706 1163 3779 sua

160 3793 429 3907 solidatauqrrtrn
451 3795 878 3930 penetrabiliqluppouere,
899 3798 1078 3910 soliditatis
1104 3802 1161 3900 igi·

1108 3918 1159 3974 tur
